2075 2766
851 282 927 293 «ψ
988 263 1035 308 13
1092 282 1169 295 W„

187 401 301 432 rentini
332 401 448 432 codicis
482 401 666 442 scripturam
694 405 777 432 recte
811 402 988 443 inprobavit
1011 403 1143 434 Cortius.
1188 403 1245 435 sed
1282 404 1312 434 in
1346 404 1405 435 hoc
1439 405 1554 436 erravit
1584 408 1614 436 et
1649 415 1699 435 me
1721 405 1794 436 olim
1815 406 1847 437 in

185 467 320 489 errorem
342 457 445 497 duxit,
470 457 553 497 quod
575 467 644 488 cum
666 458 793 498 reliquis
816 459 910 490 etiam
932 469 1102 499 pronomen
1124 469 1178 497 eqo
1202 459 1377 500 damnavit,
1400 463 1559 500 tamquam
1582 460 1723 492 additum
1745 461 1785 492 ab
1807 461 1845 493 iis

187 513 239 553 qui
261 519 358 544 tamen
379 514 419 544 ab
442 513 528 544 initio
551 514 726 545 sententiae
749 514 822 555 poni
844 524 907 545 non
928 524 1021 555 posse
1043 518 1197 555 putarent.
1240 526 1313 546 nam
1336 516 1413 546 illud
1435 517 1518 557 quod
1542 517 1664 548 Cortius
1688 517 1847 549 contendit

189 572 219 600 et
241 570 393 610 exemplis
416 570 555 601 Sallustii
586 573 616 601 et
638 570 797 601 Ciceronis
819 571 963 611 probavit
995 571 1026 601 in
1048 571 1124 602 Sall.
1147 571 1214 602 Cat.
1237 572 1291 612 20,
1316 572 1355 604 12
1384 575 1414 603 et
1436 572 1499 603 Cic.
1530 583 1578 613 ep.
1602 573 1644 604 ad
1665 573 1737 604 fam.
1772 573 1847 604 XIV

183 626 239 665 13,
263 625 299 665 2,
324 631 418 656 tamen
448 626 547 667 primo
575 626 643 657 loco
666 627 739 667 poni
761 636 871 667 posse,
907 626 991 667 apud
1014 627 1157 667 antiquos
1188 628 1315 668 quidem
1337 628 1504 669 scriptores
1536 628 1761 660 dubitationem
1782 640 1845 660 non

186 681 295 719 habet3
326 682 383 713 sed
407 682 533 713 diversa
554 682 594 713 ab
617 682 666 713 his
690 682 782 713 Plinii
807 683 998 714 consuetudo
1021 683 1113 714 istam
1132 684 1368 715 collocationem
1395 685 1522 725 respuit.
1566 695 1639 716 nam
1661 695 1722 716 non
1745 686 1845 717 solum

183 737 215 768 in
237 738 435 769 conectendis
459 739 636 778 sententiis,
673 748 744 769 cum
767 739 952 780 saepissime
980 739 1059 770 hanc
1083 740 1268 780 particulam
1295 740 1486 780 adhibuerit,
1519 741 1673 772 constanti
1695 751 1753 772 usu
1774 745 1846 782 post

181 794 245 825 alia
266 795 364 825 verba
386 805 456 825 eam
479 794 652 835 collocavit,
677 795 733 826 sed
755 795 850 826 etiam
873 795 925 826 ubi
948 795 1010 826 alio
1030 796 1250 827 enuntiationis
1272 796 1411 827 membro
1433 797 1641 837 praecedente
1666 797 1696 828 in
1713 798 1844 838 apodosi

180 853 252 891 post
274 861 453 888 quamquam
477 855 609 889 quamvis
631 854 687 882 etsi
707 854 734 882 si
756 854 786 882 et
808 851 884 882 talia
905 851 1045 892 ponitur,
1075 852 1210 883 eundem
1232 862 1348 883 morem
1377 853 1517 884 tenuisse
1540 853 1672 884 videtur.
1717 854 1843 894 saepius

180 906 291 946 etiam,
323 906 402 937 sicut
425 906 483 937 hoc
505 907 573 938 loco
595 907 711 938 factum
732 910 795 947 est,
826 917 879 945 eqo
903 917 1091 948 pronomen,
1122 908 1205 948 quod
1227 908 1279 939 ille
1302 912 1464 950 poetarum
1487 918 1577 939 usum
1609 909 1659 940 vel
1682 909 1844 950 vulgarem

179 971 354 993 sermonem
377 966 502 993 secutus
526 963 620 994 etiam
648 964 715 994 sine
744 963 870 1004 propria
892 963 923 994 vi
945 973 1061 1004 ponere
1084 965 1260 1004 consuevit,
1289 965 1420 1004 adiecit,
1455 968 1488 995 ut
1509 965 1553 996 IV
1575 965 1609 1005 3,
1637 966 1667 1004 13
1696 965 1738 996 ad
1759 966 1842 997 Trai.

179 1018 219 1050 23
242 1018 325 1059 (34),
349 1020 377 1050 1.
422 1019 573 1059 siquando
596 1023 701 1050 autem
724 1020 777 1050 alii
801 1019 954 1051 vocabulo
979 1023 1165 1061 postponere
1189 1021 1317 1052 nolebat
1338 1021 1389 1052 vel
1410 1021 1571 1052 commode
1594 1021 1670 1052 illud
1694 1021 1760 1053 fieri
1782 1032 1843 1053 non

178 1077 316 1115 poterat,
339 1085 400 1105 non
423 1081 520 1105 tamen
544 1075 639 1115 dixit,
669 1075 726 1106 sed
748 1082 775 1106 et
797 1082 911 1115 tamen,
934 1080 967 1107 ut
992 1076 1020 1107 ΙΙ
1044 1077 1100 1116 14,
1133 1076 1152 1109 6
1175 1083 1202 1107 et
1225 1083 1322 1107 tamen
1345 1081 1453 1108 crescit
1461 1089 1472 1113 ,·
1503 1077 1549 1107 III
1571 1077 1606 1117 9,
1630 1078 1670 1110 27
1693 1084 1721 1108 et
1744 1084 1841 1109 tamen

179 1136 319 1161 memento
327 1142 339 1167 ,·
364 1130 474 1170 V114,
499 1133 538 1163 10
561 1138 588 1162 et
610 1137 706 1162 tamen
730 1142 788 1162 non
811 1135 848 1162 de
869 1143 933 1163 meo
957 1135 1011 1162 sed
1034 1135 1070 1163 cte
1093 1136 1220 1163 aliorum
1243 1136 1357 1164 indicto
1381 1137 1508 1171 [aquom
1538 1133 1638 1164 rarius
1661 1136 1715 1164 sed
1735 1141 1841 1174 tamen,

177 1189 211 1218 ut
232 1187 279 1217 III
300 1187 355 1226 16,
380 1187 399 1219 0
430 1190 484 1217 sed
505 1194 600 1218 tamen
629 1191 686 1219 ista
719 1190 861 1226 sacienti‚·
890 1198 1004 1229 paneg.
1027 1188 1067 1221 87
1096 1192 1147 1227 qai
1163 1192 1334 1228 petentibus
1368 1193 1555 1221 vacationem
1584 1192 1691 1220 invitus
1725 1193 1842 1228 quidem

176 1245 231 1274 sed
258 1250 354 1273 tamen
386 1246 512 1275 tribuas.
563 1254 665 1284 pauca
694 1247 765 1275 sunt
798 1244 830 1275 in
866 1245 1003 1285 vulgatis
1033 1245 1281 1286 exemplaribus,
1318 1256 1399 1286 quae
1422 1246 1543 1277 abhoc
1577 1256 1662 1277 more
1684 1246 1841 1287 recedant,

177 1309 278 1339 eaque
309 1302 362 1330 aut
390 1300 555 1331 manifesto
589 1304 733 1341 corrupta
763 1304 816 1331 aut
846 1304 1001 1341 suspecta.
1045 1301 1140 1341 igitur
1161 1302 1205 1333 IV
1228 1303 1263 1341 7,
1288 1302 1308 1334 2
1341 1302 1541 1333 scribendum
1571 1306 1633 1342 est,
1666 1302 1746 1333 sicut
1768 1303 1840 1334 olim

176 1355 279 1395 edidi,
312 1357 417 1386 libram
449 1359 486 1386 de
509 1360 567 1387 vita
597 1360 659 1387 eius
680 1360 831 1394 recitauit,
861 1359 898 1387 de
920 1361 982 1388 vita
998 1361 1109 1395 pueri:
1136 1361 1274 1389 recitavit
1297 1365 1394 1389 tamen
1403 1371 1414 1395 ;
1450 1361 1571 1389 eundem
1601 1362 1630 1389 in
1653 1363 1838 1398 exemplaria

174 1415 250 1442 mille
272 1415 500 1450 transscriptum
517 1423 577 1451 per
599 1418 689 1443 totam
712 1416 832 1443 Italiam
853 1417 1087 1452 provinciasque
1109 1417 1229 1453 dimisit,
1250 1425 1312 1446 non
1335 1417 1441 1446 librum
1465 1417 1501 1445 de
1523 1417 1584 1445 vita
1607 1418 1671 1445 eius
1692 1419 1839 1455 recitavit,

176 1470 214 1498 de
235 1470 295 1498 vita
315 1471 404 1506 paeri
425 1472 580 1505 recitavit,·
614 1475 708 1500 tamen
737 1472 862 1500 eundem
886 1472 944 1500 etc.
988 1473 1124 1500 recitavit
1157 1476 1254 1501 tamen
1277 1474 1382 1502 autem
1409 1470 1521 1502 eadem
1545 1471 1700 1502 sententia
1722 1471 1837 1502 dictum

175 1527 222 1555 est
247 1527 340 1564 atque
362 1524 390 1555 V
412 1525 446 1564 3,
470 1525 489 1557 7
511 1527 603 1556 recito
633 1531 738 1556 tamen.
781 1526 824 1557 VI
846 1526 903 1566 30,
927 1526 947 1558 2
969 1529 1036 1557 villa
1060 1528 1249 1565 Camilliana,
1275 1538 1364 1565 quam
1387 1530 1416 1557 in
1436 1530 1601 1566 Campania
1624 1531 1773 1567 possides,
1796 1534 1838 1558 est

174 1583 290 1618 quidem
305 1585 447 1611 vetustate
464 1587 590 1619 vexata;
613 1587 709 1612 tamen
731 1592 808 1620 quae
819 1588 885 1612 suat
894 1585 1078 1621 pretiosiora
1095 1588 1148 1613 aut
1164 1586 1282 1621 integra
1299 1589 1417 1614 manent
1435 1590 1488 1614 aat
1502 1587 1647 1614 levissime
1658 1587 1740 1614 laesa
1752 1590 1836 1614 sunt:

174 1646 214 1667 ex
236 1636 352 1667 Aldina
368 1637 502 1668 editione
521 1637 733 1678 recipiendum
756 1638 812 1669 fuit
834 1648 869 1668 ea
883 1645 990 1676 tamen,
1013 1649 1068 1679 pro
1090 1649 1151 1679 quo
1174 1645 1201 1669 et
1223 1645 1319 1669 tamen
1341 1639 1457 1670 habent
1471 1640 1499 1670 D
1517 1643 1547 1671 et
1563 1640 1707 1680 princeps
1731 1640 1835 1680 editio,

176 1698 272 1723 tamen
288 1693 328 1724 M.
342 1693 470 1733 gravius
483 1697 644 1734 corruptus
657 1697 704 1725 est
716 1694 824 1725 temus
839 1694 925 1725 locus
939 1694 981 1725 VI
994 1695 1044 1735 25,
1067 1696 1096 1735 4,
1120 1695 1172 1735 qui
1186 1695 1281 1735 vulgo
1302 1705 1341 1726 ex
1356 1696 1471 1727 Aldina
1488 1696 1623 1727 editione
1638 1696 1682 1727 sic
1703 1696 1835 1736 scriptus

174 1748 279 1789 fertur,
303 1753 415 1780 utinam
430 1759 465 1780 ne
489 1753 518 1781 in
540 1751 672 1781 Robusto
687 1753 763 1781 idem
785 1754 984 1789 experiamur.
1019 1757 1114 1781 tamen
1130 1761 1319 1782 arcessamus
1342 1754 1500 1783 Scaurum.
1530 1752 1672 1783 dicuntur
1696 1752 1773 1783 haec
1796 1752 1835 1783 de

174 1805 321 1846 Robusto,
345 1805 478 1845 quicum
500 1816 540 1837 ex
553 1806 662 1837 itinere
676 1816 738 1837 non
750 1806 904 1845 rediisset,
927 1807 1015 1837 timet
1030 1807 1147 1838 Plinius
1169 1818 1209 1839 ne
1222 1807 1305 1839 idern
1328 1808 1356 1839 ei
1373 1808 1504 1849 accidat,
1528 1808 1610 1848 quod
1632 1809 1705 1839 olim
1718 1808 1835 1840 Metilio

174 1861 284 1902 Crispo
315 1861 479 1902 acciderit,
509 1865 542 1893 ut
572 1872 611 1893 ne
639 1862 679 1893 de
712 1865 810 1894 morte
838 1862 963 1902 quidem
990 1863 1115 1894 nuntius
1145 1864 1330 1904 accipiatur3
1362 1864 1512 1895 Scaurum
1547 1867 1667 1904 tamen,
1703 1874 1835 1904 quocum

173 1920 294 1958 partem
315 1917 434 1949 itineris
456 1918 509 1949 ille
530 1917 662 1958 fecerat,
686 1919 909 1950 arcessendum
932 1928 1002 1950 esse
1024 1919 1076 1950 ait.
1120 1920 1178 1951 sed
1199 1920 1292 1960 longe
1314 1920 1441 1951 diversa
1463 1924 1510 1951 est
1534 1920 1674 1951 codicum
1699 1925 1729 1951 et
1750 1920 1831 1961 prin—

173 1973 251 2013 cipis
275 1973 417 2005 editionis
441 1974 609 2015 scriptura,
643 1981 674 2005 ut
702 1985 738 2005 ne
767 1977 894 2005 Robusti
922 1977 1039 2013 quictem
1069 1979 1262 2014 experiamur
1292 1982 1389 2007 tamen
1421 1987 1610 2007 accersamus
1635 1980 1833 2015 (experamur

173 2034 270 2060 tamen
293 2040 485 2061 aecer-samur
509 2031 551 2067 D>
575 2032 732 2061 Scaurum.
776 2040 872 2071 quarc-
896 2030 975 2061 haec
1004 2040 1073 2061 cum
1095 2031 1133 2062 iis
1156 2042 1236 2072 quae
1258 2036 1352 2063 antea
1379 2032 1417 2063 de
1441 2032 1552 2073 Crispo
1575 2033 1658 2063 dicta
1680 2037 1769 2063 erant
1790 2033 1832 2064 ita

173 2085 392 2126 coniungenda
405 2090 485 2125 sunt,
509 2090 726 2125 interceptztsae
747 2089 785 2117 sit
808 2098 826 2117 a
848 2090 909 2117 suis
933 2097 972 2117 aa
998 2097 1062 2117 cum
1077 2091 1140 2118 suis
1160 2091 1299 2119 dubium.-
1322 2094 1401 2119 certe
1423 2099 1480 2119 72on
1503 2093 1572 2128 ipse,
1598 2099 1655 2119 non
1677 2092 1831 2127 quisquam

174 2151 212 2171 ex
232 2145 325 2172 servis
347 2145 409 2173 eius
431 2146 583 2181 adparuit,
608 2148 640 2173 ut
661 2153 698 2172 ne
719 2144 844 2173 Robusti
865 2145 984 2180 quictem
1006 2143 1049 2183 (h.
1074 2154 1100 2174 e.
1124 2144 1206 2175 servi
1234 2144 1469 2185 adparucrunt‘).
1513 2149 1704 2183 experiamur
1726 2151 1830 2184 tamen,

174 2207 361 2228 arcessamus
383 2201 542 2229 Scaurum.
575 2198 647 2229 Aldi
671 2201 775 2229 autem
797 2199 950 2239 scriptura
971 2199 1030 2229 hoc
1051 2199 1119 2230 loco
1141 2210 1203 2231 non
1225 2211 1265 2231 ex
1289 2200 1395 2231 codice
1419 2201 1532 2241 petita,
1557 2201 1613 2232 sed
1635 2211 1652 2232 e
1668 2200 1829 2241 Pomponii

173 2253 263 2284 Laeti
285 2254 462 2285 coniectura
483 2254 623 2295 profecta
650 2258 698 2285 cst
718 2264 819 2295 neque
842 2255 937 2285 ullam
970 2255 1063 2286 fidem
1094 2256 1197 2287 habet.
1242 2260 1360 2287 restant
1383 2257 1477 2288 etiam
1500 2260 1563 2288 tres
1585 2257 1662 2297 loci,
1693 2257 1744 2296 qui
1767 2257 1830 2297 legi

175 2319 268 2349 quam
290 2310 355 2341 dixi
376 2314 564 2351 repugnent,
594 2310 624 2341 Π
647 2310 702 2350 19,
724 2311 742 2342 3
766 2313 844 2341 uncle
865 2313 976 2341 accidit
1005 2318 1035 2342 ut
1056 2315 1077 2343 ii
1100 2315 1150 2351 qui
1171 2316 1304 2343 sedentes
1327 2319 1434 2351 ayunt,
1464 2317 1596 2351 quamvis
1619 2317 1674 2344 illis
1697 2316 1828 2343 maa-ima
