2080 2771
356 886 442 942 Oum
470 915 542 943 ante
565 912 683 952 aliquot
705 922 804 943 annos
828 912 921 943 Plinii
951 912 1104 952 epistulas
1133 912 1281 943 librorum
1309 923 1403 945 manu
1426 915 1610 955 scriptorum
1639 916 1823 947 auctoritate
1844 926 1891 948 re-

226 967 361 998 censitos
392 968 534 1008 ederem,
570 968 646 999 illud
674 968 810 999 maxime
840 971 964 999 secutus
988 978 1072 1007 sum,
1107 971 1140 999 ut
1173 978 1287 1008 pravas
1321 969 1517 1001 librariorum
1551 975 1581 1002 et
1609 972 1893 1012 antiquissimorum

223 1023 375 1054 editorum
398 1024 596 1064 mutationes,
621 1024 732 1064 quibus
755 1025 859 1065 priora
876 1024 1070 1064 exemplaria
1085 1028 1231 1065 corrupta
1254 1029 1352 1066 erant,
1376 1036 1568 1058 removerem
1591 1031 1621 1059 et
1644 1029 1828 1069 scripturam
1850 1029 1892 1060 ad

223 1080 433 1120 incorruptam
451 1080 597 1111 librorum
621 1090 714 1111 manu
733 1080 917 1120 scriptorum
940 1080 1032 1111 tidem
1051 1090 1240 1111 revocarem.
1274 1091 1347 1112 nam
1371 1083 1513 1122 quamvis
1536 1084 1640 1115 multis
1664 1084 1746 1115 vitiis
1769 1085 1893 1115 codices

223 1136 315 1167 Plinii
341 1137 475 1177 corrupti
499 1137 575 1176 sint,
600 1140 704 1167 tamen
728 1140 854 1177 propter
878 1137 954 1168 satis
977 1137 1154 1177 antiquam,
1184 1141 1217 1168 ut
1239 1137 1375 1178 videtur,
1406 1139 1510 1179 stirpis
1534 1139 1747 1172 diversitatem
1772 1144 1802 1172 et
1823 1141 1893 1172 libri

222 1192 435 1232 vetustissimi,
460 1202 499 1223 ex
522 1202 583 1233 quo
606 1203 713 1224 onmes
737 1193 821 1224 ducti
844 1196 924 1232 sunt,
948 1189 1135 1233 probitatem
1158 1203 1219 1224 non
1242 1194 1286 1224 ita
1307 1195 1411 1226 multis
1434 1195 1510 1226 locis
1533 1196 1657 1236 accidit,
1682 1200 1714 1228 ut
1738 1197 1813 1228 vitia
1835 1207 1890 1228 an-

224 1248 398 1288 tiquissimo
412 1251 551 1289 tempore
570 1248 654 1280 facta
675 1249 716 1280 ad
739 1259 847 1279 omnes
866 1249 982 1289 pariter
996 1253 1257 1290 propagarentur,
1282 1251 1339 1281 sed
1358 1251 1402 1282 ita
1422 1252 1486 1283 suis
1504 1252 1635 1292 quisque
1657 1252 1739 1284 vitiis
1762 1253 1892 1294 laborat,

224 1308 257 1335 ut
280 1305 462 1345 plerumque
486 1315 567 1345 quae
590 1305 621 1336 111
645 1305 706 1335 alio
724 1309 856 1345 peccata
878 1308 948 1336 sunt
973 1305 1034 1336 fide
1051 1306 1246 1346 corrigantur
1268 1307 1409 1338 aliorum.
1445 1308 1549 1348 itaque
1571 1318 1632 1339 non
1654 1312 1717 1340 tam
1740 1309 1772 1340 111
1789 1319 1892 1340 0111011-

224 1360 337 1391 dandis
364 1361 401 1391 iis
423 1371 504 1401 quae
526 1364 599 1392 ante
622 1371 728 1392 eorum
751 1361 899 1392 librorum
922 1361 974 1401 qui
997 1371 1081 1392 nunc
1104 1365 1212 1393 extant
1234 1363 1416 1394 memoriam
1438 1367 1584 1405 corrupta
1605 1368 1676 1395 sunt
1699 1375 1798 1405 neque
1823 1376 1892 1406 pos-

223 1420 295 1448 sunt
326 1417 388 1448 iam
417 1417 478 1447 nisi
505 1417 683 1449 coniectura
711 1418 831 1457 sanari,
861 1427 955 1457 quam
987 1418 1017 1448 in
1041 1418 1173 1449 diversis
1208 1419 1351 1450 codicum
1383 1420 1543 1461 scripturis
1573 1424 1656 1452 recte
1689 1421 1892 1453 aestimandis

223 1476 317 1513 atque
350 1473 504 1513 eligendis
537 1483 659 1504 summa
692 1473 767 1504 artis
806 1474 838 1504 in
868 1473 927 1504 hoc
962 1474 1112 1514 scriptore
1144 1478 1295 1506 versatur.
1340 1479 1436 1516 auget
1467 1480 1572 1508 autem
1601 1478 1667 1509 eius
1696 1478 1811 1509 laboris
1836 1478 1892 1509 dif-

224 1529 393 1560 ficultatem
416 1529 495 1560 haec
517 1529 654 1560 maxime
678 1539 744 1569 res,
778 1530 861 1569 quod
884 1530 953 1560 libri
976 1530 1088 1570 quibus
1113 1531 1143 1561 in
1174 1541 1213 1562 ea
1245 1541 1278 1562 re
1300 1532 1449 1563 utendum
1476 1537 1524 1564 est
1558 1544 1619 1564 non
1641 1534 1741 1565 solim]
1771 1534 1893 1574 vulgari

223 1585 426 1616 scribentium
446 1585 649 1625 neglegentia
671 1589 702 1616 et
725 1586 884 1625 socordia,
923 1596 1003 1626 quac
1028 1586 1119 1618 facile
1142 1587 1241 1627 possit
1270 1587 1301 1618 in
1324 1597 1384 1619 uno
1413 1598 1535 1629 quoque
1565 1589 1713 1621 adhibitis
1743 1590 1812 1621 aliis
1842 1600 1892 1621 00-

223 1641 349 1681 gnosci,
373 1641 430 1672 sed
452 1641 547 1672 etiam
569 1641 749 1673 foedissimo
773 1642 862 1682 vitio,
885 1642 968 1682 quod
991 1646 1130 1674 veterum
1154 1643 1338 1683 scriptorum
1360 1644 1455 1676 libros
1478 1646 1730 1686 commaculavit,
1755 1647 1888 1687 interpo-

225 1697 342 1728 latione
365 1701 396 1728 et
419 1697 547 1728 licentia
568 1697 763 1729 librariorum
786 1699 922 1739 corrupti
945 1702 1025 1729 sunt.
1071 1709 1173 1739 neque
1196 1700 1278 1730 enim
1301 1700 1338 1731 iis
1360 1700 1456 1741 libris,
1479 1702 1531 1742 qui
1554 1703 1769 1734 recentissima
1789 1706 1892 1734 aetate

227 1753 333 1794 scripti
355 1757 426 1784 sunt
437 1778 445 1794 ,
469 1764 599 1794 pravum
621 1754 704 1785 istud
727 1754 921 1786 librariorum
945 1755 1081 1786 studium
1104 1756 1293 1795 continetur,
1315 1756 1372 1787 sed
1394 1757 1522 1798 antiquo
1545 1761 1683 1799 tempore
1706 1761 1805 1790 ortum
1828 1768 1890 1789 om-

225 1818 281 1840 nes
305 1810 470 1850 occupavit
503 1814 533 1841 et
561 1810 693 1842 diversis
716 1811 816 1841 modis
839 1811 934 1842 alium
958 1811 1019 1841 alio
1043 1811 1110 1842 1000
1140 1812 1285 1852 corrupit.
1329 1823 1424 1853 quare
1459 1824 1555 1854 saepe
1584 1814 1709 1845 difficile
1733 1818 1781 1845 est
1803 1815 1891 1846 intel-

225 1865 317 1905 lectu,
341 1865 416 1905 quid
441 1876 563 1906 quoque
589 1867 656 1897 loeo
679 1866 710 1898 in
732 1877 850 1907 magna
872 1867 1047 1907 scripturae
1069 1867 1283 1908 discrepantia
1304 1869 1473 1909 genuinum
1497 1870 1551 1910 sit,
1574 1870 1648 1911 quid
1671 1871 1891 1911 neglegentiae

225 1921 275 1952 vel
298 1921 419 1952 libidini
442 1922 637 1954 librariorum
661 1922 822 1954 debeatur.
867 1927 960 1962 atque
990 1923 1048 1954 hoe
1072 1927 1119 1954 est
1142 1924 1234 1964 illud,
1269 1925 1299 1955 in
1323 1935 1382 1965 quo
1409 1926 1545 1957 maxime
1569 1927 1608 1957 ab
1630 1926 1667 1957 iis
1690 1927 1741 1967 qui
1763 1927 1837 1958 olim
1860 1928 1890 1958 in

226 1977 274 2008 his
298 1977 439 2018 epistulis
456 1979 661 2009 emendandis
685 1989 812 2019 operam
830 1979 1060 2010 collocaverunt
1081 1983 1245 2020 peccatum
1270 1984 1326 2011 est.
1371 1991 1443 2012 nam
1466 1992 1534 2013 cum
1558 1992 1727 2023 paucorum
1749 1983 1889 2014 codicum

226 2033 277 2064 vel
299 2037 439 2064 veterum
454 2034 624 2065 editionum
646 2035 862 2066 auctoritatem
877 2038 1081 2075 sequerentur
1096 2046 1197 2076 neque
1214 2046 1294 2076 quae
1319 2040 1403 2068 esset
1417 2038 1564 2070 universa
1586 2039 1722 2069 omnium
1743 2039 1890 2070 librorum

226 2089 305 2120 ratio
337 2093 537 2131 perspectum
568 2090 734 2129 haberent,
772 2091 838 2122 fieri
873 2101 935 2122 non
965 2091 1063 2132 potuit
1092 2092 1165 2131 quin
1195 2092 1312 2124 blanda
1341 2093 1547 2134 interpolatae
1582 2095 1753 2135 scripturae
1784 2095 1888 2135 specie

228 2145 310 2185 capti
333 2146 382 2176 vel
415 2146 505 2177 unius
537 2146 653 2177 codicis
682 2147 866 2178 auctoritate
900 2147 931 2177 in
954 2157 1090 2178 errorem
1118 2147 1235 2179 inducti
1268 2149 1453 2189 saepissime
1483 2160 1521 2181 ea
1552 2160 1632 2190 quae
1653 2160 1692 2181 ex
1715 2151 1888 2183 temeritate

226 2201 421 2232 librariorum
451 2206 481 2233 et
511 2202 663 2234 editorum
696 2203 836 2243 profecta
863 2206 934 2233 sunt
961 2206 1162 2243 sequerentur
1194 2208 1225 2235 et
1252 2204 1332 2236 falsa
1359 2205 1481 2236 illorum
1508 2206 1635 2237 inventa
1661 2216 1717 2247 pro
1747 2207 1888 2246 genuinis

228 2257 386 2298 scriptoris
416 2259 519 2290 verbis
552 2259 822 2299 amplecterentur.
866 2259 945 2290 haec
978 2259 1071 2299 igitur
1104 2260 1215 2291 levitas
1249 2263 1280 2292 et
1313 2261 1521 2293 inconstantia
1551 2265 1583 2293 ut
1615 2262 1778 2302 vitaretur,
1816 2266 1888 2294 ante

229 2314 333 2344 onmia
365 2314 452 2354 origo
481 2318 512 2346 et
540 2318 652 2346 natura
679 2315 821 2346 codicum
849 2315 1056 2347 describenda
1079 2319 1160 2356 erat,
1195 2326 1255 2356 quo
1278 2317 1391 2348 certius
1423 2328 1504 2358 quae
1526 2318 1580 2349 uni
1602 2318 1712 2358 cuique
1735 2318 1811 2350 fides
1834 2319 1886 2350 ha-
