2080 2771
903 299 981 311 “m
1043 280 1091 325 18
1149 298 1228 312 w..

235 428 344 455 cuntur
369 424 512 463 iuvenes,
545 426 610 453 tum
637 425 719 453 clare
740 420 937 459 adverbium,
965 419 1048 459 quod
1078 419 1219 450 additum
1250 422 1313 459 est,
1343 428 1413 450 eum
1435 419 1559 451 iocandi
1588 419 1701 459 verbo,
1732 422 1898 460 propterea

235 481 317 521 qnod
338 480 370 511 in
392 490 429 511 eo
450 479 535 510 nulla
566 478 652 509 vocis
684 476 869 517 significatio
891 476 988 515 inest,
1023 475 1170 515 coniungi
1193 475 1309 516 nequit.
1352 478 1490 506 ceterum
1522 486 1561 507 ne
1589 476 1659 516 quis
1696 475 1787 507 huius
1813 476 1898 507 modi

237 536 388 577 exemplis
410 535 537 566 nimium
552 534 667 565 tribuat
683 533 724 565 ad
741 532 911 564 evertenda
930 542 969 563 ea
990 541 1071 572 quae
1086 531 1125 563 de
1147 531 1331 563 auctoritate
1355 531 1496 562 codicum
1518 541 1614 573 supra
1635 532 1795 572 disputata
1816 535 1897 571 sunt,

236 602 330 624 unum
360 591 510 623 subiciam
543 590 659 629 locum,
693 590 724 620 in
746 598 806 629 quo
836 588 930 619 etiam
952 588 1103 619 Vaticano
1126 588 1330 619 dissentiente
1366 597 1446 618 unus
1478 597 1573 619 verae
1606 588 1777 628 scripturae
1809 588 1898 619 testis

236 652 283 679 est
300 648 340 687 M,
364 647 409 677 ΠΙ
431 648 485 686 19,
508 647 527 678 8
550 657 611 677 sum
628 648 744 684 quidem
762 655 859 683 prope
880 651 957 675 tolus
985 647 1014 675 in
1034 647 1185 683 praedas,
1209 646 1328 682 aliquid
1350 651 1447 674 tamen
1466 645 1585 682 fenero,
1618 644 1671 675 ubi
1692 646 1797 681 fenero
1818 653 1898 675 unus

236 704 267 734 M
289 704 398 742 habet,
418 705 522 740 fenore
543 702 652 742 reliqui
675 710 791 732 01111108.

358 759 400 790 IV
426 759 476 797 13,
500 760 519 790 9
544 762 639 796 Alque
665 760 776 788 utinam
799 763 857 786 tam
882 760 982 786 claros
1000 762 1215 794 praeceptores
1245 758 1409 795 inducatis,
1438 761 1470 786 uc
1494 758 1627 792 finitimis
1657 758 1776 794 oppidis
1797 758 1897 787 studia

236 818 304 846 hinc
324 821 471 854 petantur.
516 814 546 845 in
569 814 623 844 FD
652 817 682 844 et
704 813 735 843 in
764 812 899 844 editione
921 812 1059 853 principe
1089 815 1120 843 et
1143 811 1258 842 Aldina
1285 811 1399 852 legitur
1426 817 1458 842 ut
1479 815 1509 842 in
1531 815 1668 847 finitimis
1712 812 1796 843 unde
1825 813 1898 843 seri-

236 872 371 903 bendum
395 881 465 902 esse
486 870 608 901 videtur
630 875 661 900 nt
683 876 710 899 e!
728 872 868 907 finilime's.

359 927 401 957 IV
424 928 476 965 17,
501 927 520 958 3
543 929 666 956 Accedit
693 928 752 956 huc
774 928 903 963 αἰθυίαις
926 926 1052 954 hominis
1081 930 1171 962 alque
1196 926 1246 955 hic
1268 927 1331 963 ipse
1353 927 1402 954 cui
1423 926 1586 954 destinatus
1608 930 1651 954 est
1672 926 1785 960 bonon·
1815 927 1900 955 cuius

236 986 321 1014 nobis
342 985 400 1014 Izoc
420 986 516 1013 maior
537 984 676 1012 habenda
698 984 859 1012 reverentia
881 987 939 1017 est,
963 983 1044 1019 qnod
1065 983 1123 1011 iam
1147 983 1196 1011 illo
1218 982 1316 1016 functi
1337 991 1447 1010 sumus.
1491 990 1546 1020 pro
1569 982 1725 1019 habenda,
1754 981 1837 1021 quod
1859 991 1899 1012 ex

237 1040 295 1070 MV
316 1042 473 1079 receptum
503 1042 566 1077 est,
599 1038 630 1068 in
653 1038 706 1068 Fi)
737 1041 767 1069 et
790 1038 821 1068 in
844 1037 983 1077 principe
1013 1036 1148 1067 editione
1178 1041 1208 1067 et
1230 1036 1345 1067 Aldina
1375 1036 1488 1076 legitur
1510 1040 1639 1075 aqenda.
1684 1040 1715 1068 et
1739 1037 1815 1068 satis
1839 1036 1898 1068 fre-

237 1099 380 1136 quentem
404 1104 473 1125 esse
494 1094 641 1125 librorum
664 1094 694 1124 111
726 1094 773 1124 his
798 1093 900 1124 verbis
924 1093 1167 1133 discrepantiam
1196 1096 1326 1124 constat.
1372 1093 1430 1123 hoc
1452 1096 1556 1123 tamen
1578 1093 1646 1124 1000
1668 1103 1730 1124 non
1755 1096 1822 1124 erat
1845 1102 1899 1124 eur

236 1155 367 1190 aye-mla,
390 1151 473 1191 qnod
494 1150 677 1181 auctoritate
700 1150 846 1181 librorum
869 1150 971 1189 inagis
993 1149 1242 1183 ‹wnnncndatur‚
1267 1159 1360 1189 qnam
1383 1151 1532 1185 habenda,
1558 1153 1765 1190 sperneretur,
1791 1159 1897 1189 qnam-

237 1207 284 1238 vis
306 1207 385 1238 infra
407 1209 435 1245 ξ.
458 1207 477 1239 6
500 1207 646 1247 scripturn
677 1206 716 1237 sit
746 1209 912 1236 reverentia
940 1212 971 1236 ut
999 1209 1119 1243 {sequals
1146 1208 1322 1236 habebatur.
1365 1215 1438 1236 nam
1466 1215 1528 1236 non
1557 1205 1658 1237 minus
1681 1208 1765 1236 reete
1789 1205 1900 1236 dicitur

238 1264 442 1295 reverentiam
464 1273 575 1303 agore,
600 1272 692 1302 quam
716 1262 939 1302 paenitentiam
962 1272 1073 1301 agere,
1104 1261 1160 1292 VII
1186 1262 1236 1300 10,
1260 1262 1278 1293 3
1302 1268 1434 1300 exstetque
1458 1265 1674 1300 paenilentiam
1697 1265 1899 1300 paenitentiae

236 1330 329 1355 suae;
359 1320 432 1350 Tac.
457 1319 529 1350 dial.
555 1320 593 1350 15
616 1329 708 1356 neque
729 1321 822 1351 illius,
852 1321 962 1356 inquil,
995 1321 1139 1348 sermonis
1166 1321 1223 1348 mei
1241 1322 1455 1356 pneumatium
1478 1327 1555 1355 aym
1592 1318 1640 1349 vel
1665 1327 1771 1349 curam
1793 1327 1899 1357 agere,

237 1375 278 1406 ad
301 1375 382 1406 Trai.
406 1375 443 1406 81
469 1375 553 1415 (85),
578 1376 594 1406 1
619 1385 692 1413 opus
714 1378 798 1405 cuius
821 1384 923 1405 curam
946 1380 1068 1412 esserum
1102 1374 1169 1405 Val.
1193 1374 1276 1405 Max.
1298 1374 1311 1404 Ι
1335 1375 1370 1412 1,
1397 1374 1434 1405 12
1457 1384 1565 1412 mamm
1588 1377 1811 1404 conservandae
1831 1376 1899 1404 reli-

236 1434 332 1470 yiom’s
355 1449 392 1453 ——
416 1433 500 1469 apud
527 1434 657 1462 malores
686 1437 803 1461 ποεῖν-οε
832 1441 907 1461 cura
933 1437 1003 1461 acta
1031 1437 1090 1460 est:
1125 1431 1162 1461 cf.
1188 1431 1356 1461 Burmann.
1381 1431 1411 1461 in
1435 1430 1560 1467 Quintil.
1585 1430 1611 1460 V
1628 1432 1661 1470 6,
1685 1431 1713 1462 3.
1758 1430 1900 1460 similiter

239 1488 332 1518 etiam
355 1487 465 1517 dicitur
487 1487 640 1517 delectum
670 1497 779 1527 agere:
824 1486 901 1517 Plin.
925 1497 954 1517 ιι.
979 1487 1007 1516 11.
1032 1486 1087 1516 Vll
1116 1486 1228 1523 §.10¹1
1252 1490 1438 1524 inyemormn
1464 1490 1580 1525 αῖον-ἰαί)
1602 1490 1669 1524 quis
1689 1489 1785 1525 possit
1807 1496 1900 1524 ayere

239 1546 402 1574 deleclmn?
445 1542 571 1579 Quintil.
595 1543 625 1573 X
647 1544 680 1582 3,
704 1544 722 1575 ἵ)
755 1546 884 1573 delectus
913 1547 988 1573 enim
1011 1553 1111 1573 rernm
1139 1546 1354 1580 verborumque
1387 1545 1522 1581 aqendus
1551 1548 1600 1572 est.
1651 1542 1795 1573 nimirum
1829 1551 1899 1572 011111

239 1599 413 1630 nominibus
441 1602 543 1629 actum
575 1599 625 1630 vel
654 1599 797 1630 affectum
825 1599 920 1630 animi
950 1599 1197 1639 significantibus
1232 1599 1413 1639 posterioris
1442 1599 1555 1630 aetatis
1586 1599 1752 1639 scriptores
1782 1597 1898 1638 agendi

240 1655 368 1686 verbnm
392 1655 500 1685 eodem
524 1655 588 1685 fere
613 1655 788 1694 significatu
810 1665 925 1695 ponere
948 1658 1190 1693 consueverunt,
1222 1664 1282 1695 quo
1306 1655 1495 1695 antiquiores
1518 1657 1630 1685 hahere
1652 1655 1810 1693 dixerunt,
1839 1663 1899 1694 quo

239 1711 347 1742 fortius
369 1711 437 1751 ipso
459 1711 554 1742 verbo
577 1711 734 1742 notionem
757 1711 873 1750 agendi
895 1711 1113 1751 exprimerent.

364 1767 404 1797 IV
429 1768 482 1805 19,
505 1768 523 1799 7
548 1770 621 1797 Nam
651 1777 715 1797 cum
739 1774 860 1797 matrem
890 1777 983 1798 meam
1003 1770 1137 1806 parentis
1165 1770 1230 1797 loco
1253 1770 1413 1804 verereris,
1448 1777 1493 1797 me
1515 1778 1533 1797 α
1553 1769 1687 1805 pueritia
1709 1769 1811 1796 statim
1832 1768 1899 1803 for-

240 1833 321 1853 mare
343 1825 468 1853 laudare
491 1826 647 1862 talemque,
678 1827 774 1861 qualis
796 1833 875 1854 nunc
898 1827 987 1854 uxori
1009 1833 1091 1853 meae
1114 1825 1230 1854 videor.
1262 1826 1391 1853 ominari
1412 1825 1538 1854 solebas.
1582 1823 1675 1854 fidem
1698 1832 1759 1853 non
1784 1822 1900 1853 habere

244 1889 322 1918 quae
346 1879 376 1910 in
399 1880 458 1910 MV
480 1879 595 1919 scripta
617 1883 696 1912 sunt.
720 1885 840 1909 matrem
864 1890 956 1909 meam
976 1882 1110 1918 parentis
1132 1882 1193 1909 vice
1218 1881 1360 1910 dilexeris
1381 1889 1485 1918 meque
1506 1890 1525 1909 a
1544 1882 1690 1918 puerilia,
1713 1878 1900 1918 reliquorum

242 1934 388 1965 librorum
411 1934 545 1966 ostendit
574 1935 740 1975 scriptura,
769 1941 890 1965 malrem
920 1946 1012 1965 meam
1035 1939 1170 1974 parentis
1199 1938 1264 1965 loco
1294 1939 1446 1966 venereris
1478 1938 1646 1974 (uenereris
1668 1935 1693 1965 F
1721 1937 1752 1966 et
1778 1935 1900 1965 11100111·-

243 1990 369 2029 dianus,
401 2001 540 2021 venerere
563 1991 611 2021 ed.
634 1991 730 2031 prino.
754 1995 784 2022 et
804 1991 892 2030 Ald„
916 2002 1016 2022 verere
1038 1991 1079 2030 D)
1103 2001 1146 2022 me
1169 2002 1187 2021 a
1207 1994 1347 2030 puerilia.
1392 1991 1450 2022 sed
1477 2001 1516 2022 ne
1545 1991 1621 2021 illud
1643 1990 1786 2030 quidem,
1817 1990 1901 2030 quod

244 2046 270 2076 F
291 2056 359 2077 cum
381 2047 584 2078 Riccardiano
607 2047 713 2078 codice
742 2048 886 2087 praebet,
911 2050 1050 2086 parentis
1075 2051 1141 2078 loco
1165 2051 1327 2087 venereris,
1358 2047 1415 2078 hoe
1449 2047 1517 2078 1000
1546 2050 1630 2078 recte
1659 2047 1782 2077 dicitur.
1826 2056 1900 2077 nam

244 2111 313 2133 cum
328 2102 495 2143 Calpurnia
509 2103 666 2143 Hispulla,
690 2104 731 2134 ad
754 2113 846 2143 quam
869 2104 1003 2143 epistula
1024 2104 1139 2144 scripta
1161 2107 1218 2141 est,
1241 2107 1372 2134 matrem
1388 2103 1480 2134 Plinii
1501 2103 1639 2144 parentis
1659 2103 1727 2133 loeo
1751 2102 1900 2134 habuisse

244 2157 380 2197 dicatur,
415 2162 536 2199 poterat
564 2159 595 2190 id
627 2159 751 2199 quidem
781 2159 938 2200 praesenti
960 2163 1098 2200 tempore
1121 2163 1270 2190 venereris
1293 2159 1371 2199 dici,
1411 2159 1436 2190 si
1465 2159 1557 2190 modo
1587 2163 1687 2190 mater
1716 2159 1823 2198 Plinii,
1862 2158 1900 2190 tle

245 2213 331 2244 euius
355 2218 450 2245 morte
472 2225 532 2245 non
556 2218 691 2254 constat,
714 2219 778 2246 tum
801 2215 895 2246 etiam
916 2216 1051 2246 vivebat.
1096 2216 1152 2246 sed
1182 2226 1251 2247 011111
1280 2218 1428 2255 sequatur
1450 2215 1662 2256 imperfectum
1685 2218 1823 2256 tempus,
1857 2224 1901 2245 me

244 2271 376 2304 formare
398 2273 523 2300 laudare
552 2274 678 2301 ominari
701 2274 831 2309 solebas,
865 2281 904 2302 ea
931 2281 1052 2311 quoque
1075 2281 1154 2311 quae
1183 2271 1375 2312 praecedunt
1401 2271 1443 2302 ad
1469 2271 1670 2311 praeteritum
1702 2274 1825 2311 tempus
1846 2279 1899 2301 110-

247 2325 383 2356 cessario
405 2326 568 2357 referenda
589 2330 668 2357 snut.
712 2331 742 2358 et
764 2327 840 2358 vidit
860 2327 919 2358 hoe
942 2327 1162 2365 Casaubonus,
1186 2329 1237 2368 qui
1258 2331 1394 2366 parentis
1416 2330 1480 2358 loco
1503 2337 1695 2363 venerarer-e,
1718 2337 1762 2357 me
1784 2336 1901 2364 quoque
