2080 2771
898 284 977 297 qm„
1035 266 1087 312 10
1145 284 1224 298 ww-

234 419 341 441 verum
364 413 411 441 est
438 419 592 441 consensu
614 409 802 449 reliquorum
828 407 977 438 librorum
998 406 1145 436 firmatur.
1190 405 1247 436 sed
1269 404 1302 435 in
1324 404 1373 436 his
1394 415 1476 437 nunc
1499 416 1561 437 non
1583 406 1785 445 morabimur;
1815 416 1890 438 non-

232 466 318 497 nulla
341 466 407 497 eius
430 465 554 505 generis
578 465 723 504 exempla
746 463 827 494 infra
847 464 1058 495 tractabimus.

314 521 455 561 Denique
477 520 690 552 Dresdensem
713 519 853 551 codicem
874 528 936 549 non
958 527 1071 549 vacare
1095 516 1387 557 interpolationibus
1417 517 1459 565 in.
1471 520 1535 548 tam
1556 518 1672 549 recenti
1692 517 1764 549 libri
1785 520 1890 550 aetate

231 577 323 608 facile
346 577 545 617 intellegitur.
576 586 764 616 quamquam
786 575 818 606 111
840 584 877 606 00
900 574 974 614 quid
997 584 1037 605 ex
1052 576 1157 604 vetere
1180 576 1248 603 octo
1271 572 1419 604 librorum
1440 573 1557 614 codiee,
1580 583 1620 605 ex
1642 583 1702 614 quo
1717 573 1892 614 descriptus

233 636 290 673 est,
314 632 448 673 fluxerit,
471 633 545 673 quid
566 636 677 673 postea
694 632 765 663 Itali
780 630 958 662 addiderint
974 630 1036 660 dici
1053 629 1168 669 nequit.
1193 629 1250 659 sed
1265 632 1369 659 tamen
1385 639 1513 660 numero
1535 640 1637 670 pauca
1653 633 1725 661 511111
1747 630 1892 671 exempla

233 689 438 729 interpolatae
461 689 632 729 scripturae
655 689 685 719 in
715 698 752 719 eo
775 687 897 726 codice,
928 686 1041 726 quippe
1065 685 1117 725 qui
1150 685 1354 725 neglegentia
1375 685 1477 726 potius
1500 686 1655 717 scribendi
1677 696 1770 726 quam
1793 696 1890 727 pravo

231 745 407 785 corrigendi
423 744 525 776 studio
548 748 709 785 corruptus
733 744 781 775 sit.
825 744 891 774 eius
914 742 998 773 modi
1015 741 1160 782 exempla
1182 745 1253 772 sunt
1275 741 1369 781 haec,
1394 741 1424 772 Π
1439 742 1487 780 14,
1512 742 1551 774 10
1566 745 1714 773 narrabat
1728 748 1822 773 autem
1843 746 1892 774 ille

230 811 286 841 pro
302 803 450 831 narrabat
463 804 509 831 ille
516 812 527 837 ,·
551 801 596 831 ΠΙ
611 802 639 840 5,
662 801 682 832 8
703 810 816 831 smnma
829 802 971 830 instanlia
986 808 1042 839 pro
1056 809 1169 829 summa
1184 801 1350 836 viqilautc‘a3
1374 797 1414 828 ib.
1431 801 1527 828 somni
1538 801 1778 839 parcissimi,pi·o
1795 802 1891 830 somni

224 859 430 896 paratissimi;
453 857 495 887 IV
517 857 550 897 9,
573 858 592 889 3
611 860 752 895 princeps
774 857 975 886 accusationis
998 864 1052 895 pro
1073 856 1133 890 sax
1147 857 1350 885 accusationis
1357 865 1367 890 ;
1394 853 1435 884 ib.
1460 854 1500 886 10
1520 864 1557 884 ne
1573 865 1642 885 mox
1655 859 1792 893 eorporis
1813 858 1891 886 vires

230 916 338 944 iteralo
360 915 462 943 labore
476 915 630 950 deficerent
646 923 702 953 pro
719 923 756 943 ne
769 922 814 942 me
829 914 968 950 corporis
981 915 1056 942 uires
1069 914 1173 941 iterato
1189 913 1292 941 labore
1305 912 1474 941 desererent
1480 922 1490 947 ,·
1513 910 1563 950 29,
1587 911 1607 943 2
1627 917 1658 942 ut
1675 917 1892 942 retractaretur

231 979 287 1010 pro
312 975 342 999 ul
364 972 594 1007 deprecaretur;
632 970 685 1007 30,
710 970 730 1001 8
758 971 852 1006 sontis
873 978 1031 998 eoecursum
1065 977 1121 1006 per
1148 972 1295 998 momenla
1324 970 1506 1005 repercutiat
1534 977 1590 1007 pro
1613 969 1708 1004 sontis
1731 977 1890 999 excursum

230 1028 424 1064 repet-cutim.
460 1035 500 1056 ne
524 1025 563 1056 de
586 1025 634 1055 his
650 1024 775 1064 quidem
788 1023 1087 1064 interpolationibus,
1111 1033 1192 1063 quae
1210 1023 1390 1063 plerumque
1413 1033 1469 1064 per
1482 1023 1714 1063 antiquissimas
1738 1023 1890 1056 editiones

231 1084 425 1123 propagatae
448 1084 528 1120 511111,
552 1091 675 1121 semper
697 1084 780 1112 recte
804 1091 824 1111 a
845 1080 919 1111 viris
942 1079 1041 1110 doctis
1064 1079 1233 1110 iudicatum
1257 1089 1328 1111 esse
1351 1089 1412 1110 uno
1435 1080 1579 1120 exemplo
1601 1079 1751 1120 probabo,
1775 1080 1790 1110 I
1812 1080 1847 1120 2,
1871 1081 1889 1112 1

232 1140 307 1169 nillil
327 1144 394 1168 ante
413 1147 566 1176 peraeque
588 1140 688 1168 eodem
710 1140 775 1168 stilo
803 1139 958 1175 scripsisse
980 1138 1100 1174 videor,
1128 1136 1181 1166 ubi
1202 1139 1268 1166 stilo
1292 1136 1317 1166 F
1340 1136 1424 1167 solus
1446 1135 1557 1176 habet,
1586 1138 1652 1166 zelo
1674 1136 1719 1176 Ι),
1749 1138 1824 1167 libro
1847 1136 1889 1176 Μ,

231 1194 344 1225 1110111111
365 1193 522 1234 adscripto
544 1194 575 1224 in
597 1193 738 1233 margine
760 1196 835 1224 stillo
866 1196 913 1223 est
945 1192 976 1223 in
1000 1192 1034 1222 V.
1056 1195 1123 1223 stilo
1147 1195 1251 1223 autem
1275 1201 1344 1222 cum
1379 1191 1549 1223 rationibus
1577 1192 1718 1223 codicum
1741 1192 1889 1233 firmatur,

231 1254 295 1281 tum
318 1250 355 1281 115
383 1260 463 1290 quae
484 1253 594 1290 postea
616 1250 655 1281 dc
678 1250 748 1281 stilo
771 1249 841 1280 libri
864 1249 979 1289 scripta
1002 1251 1072 1279 511111
1100 1247 1334 1279 commendatur
1364 1251 1395 1279 et
1422 1252 1547 1289 propter
1568 1248 1709 1279 additum
1725 1258 1888 1288 peraeque,

232 1306 315 1347 quod
337 1316 406 1337 cum
428 1304 509 1349 ζήλῳ
532 1316 593 1337 11011
617 1309 700 1337 reete
724 1305 920 1345 coniungitur
928 1329 935 1344 ‚
959 1304 1171 1335 necessarium
1195 1308 1250 1335 cst.

316 1363 404 1394 Haec
425 1362 520 1393 habui
542 1372 622 1402 quac
645 1362 685 1393 de
707 1362 792 1393 libris
821 1371 914 1392 11131111
936 1361 1058 1401 seriptis
1082 1361 1272 1401 generaliter
1294 1370 1493 1401 exponerem.
1522 1360 1584 1391 iam
1607 1360 1646 1391 de
1669 1360 1801 1401 singulis
1823 1360 1889 1400 qui-

233 1418 366 1449 busdam
402 1418 478 1449 locis
513 1418 694 1459 disputabo,
732 1427 861 1458 quorum
893 1417 1046 1457 scriptura
1078 1427 1147 1447 eum
1179 1417 1275 1457 stirpe
1305 1420 1335 1448 et
1366 1416 1604 1457 interpolatione
1632 1416 1774 1448 codicum
1804 1419 1889 1448 recte
1908 1426 1915 1435 <

233 1475 399 1506 aestimata
420 1477 484 1505 tum
507 1484 590 1505 nexu
613 1474 837 1505 sententiarum
859 1477 889 1504 et
911 1483 970 1504 usu
988 1473 1139 1504 sermonis
1162 1473 1241 1504 bene
1265 1473 1389 1513 cognito
1407 1472 1619 1504 confirmanda
1640 1472 1771 1504 videtur.
1817 1483 1890 1504 nam

234 1531 265 1562 in
287 1531 346 1562 hoc
367 1541 489 1571 quoque
511 1540 607 1571 saepe
629 1530 669 1561 ab
693 1530 863 1561 editoribus
887 1533 1048 1570 peecatum
1071 1539 1141 1560 csse
1163 1529 1271 1569 Video,
1306 1529 1389 1569 quod
1411 1539 1473 1560 non
1495 1529 1571 1559 satis
1594 1528 1891 1569 animadverterunt,

234 1587 309 1628 quid
331 1597 404 1618 usus
427 1586 551 1618 dicendi
573 1586 622 1617 vel
645 1587 734 1618 liuius
758 1586 919 1626 scriptoris
943 1586 991 1617 vel
1015 1586 1081 1617 eius
1104 1586 1215 1616 aetatis
1238 1585 1380 1626 proprius
1402 1585 1574 1625 postularet
1587 1585 1630 1624 qe).

358 1643 372 1673 1
395 1644 429 1682 1,
452 1645 469 1675 1
494 1645 675 1681 Frequenter
696 1645 832 1673 hortatus
853 1652 898 1681 es,
928 1648 960 1672 ut
1001 1645 1155 1680 ι’ρίείιιίαε,
1188 1645 1291 1679 siquas
1317 1644 1410 1680 paulo
1434 1644 1567 1672 curatius
1588 1639 1787 1680 scripsissem,
1812 1642 1893 1671 colli-

235 1710 335 1739 qerem
355 1702 603 1738 puhlc'caremque.
648 1709 687 1730 ex
711 1708 771 1729 uno
793 1698 821 1729 D
844 1698 963 1729 restitui
987 1701 1136 1738 curatius,
1168 1708 1223 1738 pro
1247 1707 1307 1738 quo
1330 1700 1505 1728 accuratius
1526 1697 1567 1737 F,
1597 1707 1672 1727 cura
1700 1697 1820 1738 (curam
1843 1696 1889 1737 M)

235 1759 349 1787 madore
371 1756 439 1786 MV.
483 1755 560 1786 illud
581 1759 685 1786 tamen
707 1765 813 1786 verum
837 1764 908 1786 esse
930 1754 1024 1785 etiam
1048 1754 1233 1794 reliquorum
1257 1754 1405 1784 librorum
1427 1753 1609 1793 scripturae,
1634 1763 1714 1793 quae
1737 1763 1777 1784 ex
1799 1753 1890 1783 inter-

236 1812 392 1853 polatione
421 1815 452 1843 et
480 1811 733 1852 interpretatione
762 1810 917 1850 genuinae
947 1810 1119 1850 scripturae
1141 1810 1299 1850 profectae
1327 1812 1412 1849 sunt,
1447 1809 1589 1850 probant.
1633 1814 1755 1840 curatus
1777 1811 1891 1848 autem,

237 1869 295 1899 1100
326 1871 374 1899 051
395 1878 511 1907 magna
536 1877 611 1898 cura
633 1870 797 1906 1130131115,
833 1866 943 1898 eadem
967 1866 1031 1897 fere
1053 1866 1281 1906 significatione
1310 1876 1372 1905 qua
1402 1869 1564 1897 accuratus
1597 1865 1676 1896 dixit
1704 1864 1823 1895 Plinius
1845 1863 1892 1894 IX

239 1925 293 1964 13,
320 1924 357 1955 10
380 1929 545 1961 curatoque
569 1933 711 1954 sermone.
756 1922 856 1953 Taciti
889 1922 1034 1963 exempla
1058 1922 1206 1953 indicavit
1227 1921 1437 1962 Nipperdeius
1466 1921 1498 1952 in
1518 1922 1593 1953 Tac.
1615 1932 1687 1952 ann.
1710 1921 1724 1951 Ι
1746 1920 1785 1952 13
1807 1930 1893 1951 cura-

238 1983 355 2011 tissimis
373 1982 523 2019 precibus.

361 2036 375 2065 I
396 2036 430 2075 2,
453 2035 472 2067 2
500 2037 649 2073 Temptaui
678 2037 752 2065 enim
774 2037 885 2064 iuzilarz'
907 2036 1117 2064 Demosthenen
1144 2043 1258 2072 semper
1281 2040 1376 2070 tuum,
1410 2035 1528 2064 Calvum
1555 2043 1649 2072 nuper
1670 2042 1780 2071 meum,
1809 2034 1890 2062 dum-

239 2098 324 2123 taxat
343 2094 449 2129 fiyuris
465 2094 626 2121 orationis:
649 2102 717 2121 nam
741 2094 959 2121 virulentorum
977 2093 1108 2120 virorum
1131 2093 1231 2129 ‘pauci
1252 2099 1326 2128 quos
1346 2100 1458 2127 aequus
1481 2089 1599 2120 amavit⁷
1614 2091 1737 2127 adsequi
1757 2094 1891 2128 possunt.

346 2225 376 2258 ‘'2‘)
398 2225 426 2250 In
446 2232 569 2251 sermone
588 2214 665 2249 Plinii
685 2223 839 2249 accuratius
859 2222 1052 2256 cognoscendo
1077 2231 1165 2256 nuper
1183 2222 1348 2249 laudabilem
1369 2230 1480 2256 operam
1501 2222 1646 2249 collocavit
1664 2222 1746 2255 Hugo
1766 2220 1889 2247 Holstein

240 2275 274 2301 de
293 2275 370 2300 Plinii
390 2275 500 2300 minoris
521 2274 684 2303 elocutione,
705 2273 855 2307 Numburgi
874 2281 899 2299 a.
920 2274 995 2300 1862.
1033 2273 1082 2300 sed
1101 2273 1127 2298 in
1147 2273 1180 2298 iis
1199 2272 1293 2306 rebus,
1315 2274 1348 2300 de
1369 2273 1467 2307 quibus
1485 2273 1549 2299 mihi
1568 2272 1752 2306 quaerendum
1772 2271 1837 2303 fuit,
1857 2278 1892 2297 ea

241 2333 311 2358 quae
331 2325 365 2350 ab
385 2325 429 2350 illo
449 2332 549 2358 magna
568 2332 627 2350 eum
647 2324 789 2357 diligentia
809 2323 962 2357 composita
980 2326 1043 2349 sunt
1067 2323 1133 2348 nihil
1152 2323 1215 2349 mihi
1234 2323 1401 2356 profuerunt.
