2075 2766
850 288 884 294 m.
888 283 907 294 w
910 283 928 295 m
987 264 1033 309 17
1093 282 1172 295 'hv-n*—

181 405 353 446 posteriorc
377 408 466 446 parte
489 405 549 436 sita
570 408 641 436 sunt
664 404 820 445 respicere
843 404 954 435 dicitur
977 403 1065 443 villa,
1088 403 1212 434 videtur
1234 402 1359 442 quidem
1383 402 1509 433 defendi
1532 402 1667 442 quodam
1690 402 1780 433 modo
1803 413 1840 434 eo

182 462 250 502 ipso
276 461 360 501 quod
383 461 522 492 additum
553 464 601 492 est
628 472 647 491 a
676 467 769 498 terqo,
806 464 839 491 ut
861 470 900 491 ea
927 470 1007 500 quae
1030 470 1049 490 a
1078 459 1177 490 fronte
1205 458 1298 489 villae
1328 458 1589 499 prospicientibus
1617 462 1688 489 sunt
1710 470 1729 489 a
1752 462 1840 497 tergo

182 520 378 558 opponantur
400 517 461 547 illis
484 527 564 556 quae
592 520 665 547 ante
688 526 722 547 se
744 516 847 557 posita
866 516 982 547 vident.
1012 526 1121 547 vereor
1146 519 1251 546 tamen
1273 519 1306 546 ut
1327 515 1406 546 haec
1428 518 1512 546 recte
1535 514 1656 545 dicatur
1677 514 1746 554 ipsa
1768 515 1842 545 villa

181 573 346 613 respicere,
372 573 398 604 si
420 573 546 613 quidem
567 573 712 613 regiones
735 573 775 603 31)
798 573 857 603 hac
880 576 968 613 parte
985 572 1142 602 subiectas
1165 581 1226 602 non
1250 571 1448 611 respiciendo
1470 581 1490 602 a
1508 571 1618 607 fronte,
1642 570 1698 602 sed
1721 572 1839 611 prospi-

181 629 292 660 ciendo
319 629 359 660 ab
383 629 441 660 hac
464 629 532 669 ipsa
554 633 642 669 parte
665 629 808 659 intuetur.
853 639 953 669 neque
977 628 1006 659 in
1028 628 1154 667 reliquis
1177 637 1257 667 quae
1280 627 1397 658 Plinius
1420 627 1523 658 multis
1547 627 1650 657 verbis
1674 630 1704 658 et
1726 637 1842 667 magna

181 686 332 716 varietate
365 689 395 716 et
425 685 455 715 in
486 685 543 715 113(-
573 689 603 715 et
638 685 668 715 in
693 689 784 715 sexta
806 685 874 715 libri
897 685 995 725 quinti
1025 684 1159 724 epistula
1182 683 1220 714 de
1250 687 1416 724 prospectu
1446 683 1591 714 villarum
1619 683 1743 723 scripsit
1777 687 1841 715 tam

182 752 312 782 pravam
335 741 486 772 rationein
515 744 638 772 secutus
662 745 718 772 cst.
762 751 858 781 quare
889 740 972 771 haud
1000 740 1064 772 scio
1086 750 1126 771 an
1153 743 1300 779 prospicit
1333 750 1389 780 pro
1417 743 1537 777 respicit
1567 739 1764 770 scribendum
1793 740 1840 771 sit.

182 797 292 829 eodem
315 807 418 828 errore
442 797 521 828 infra
544 802 571 836 ξ.
595 797 636 829 20
659 797 689 827 in
712 797 737 827 F
765 800 887 836 respicit
915 807 970 837 pro
995 799 1143 835 prospicit
1166 800 1197 827 et
1220 796 1245 826 V
1267 797 1303 835 6,
1328 796 1366 827 13
1396 796 1426 826 in
1452 796 1477 826 D
1504 799 1674 834 respexeris
1697 806 1751 836 pro
1771 807 1842 834 pro-

180 857 316 893 spexeris
338 853 485 893 scriptum
510 858 566 884 cst.
592 872 628 875 —
663 853 702 886 1ss
725 856 803 884 Hinc
826 856 1068 892 cryptoporticus
1099 863 1194 891 prope
1213 855 1327 891 publici
1355 855 1453 891 operis
1476 855 1654 883 extenditur.
1700 856 1843 890 utrimque

178 912 337 949 fenestrae,
361 920 379 939 α
400 912 478 939 muri
497 912 613 947 plures,
638 912 676 939 ab
698 911 786 940 horto
806 913 985 948 pauciores,
1008 911 1062 939 sed
1084 912 1206 939 alternis
1227 912 1372 946 sinyulae.
1417 908 1460 939 ita
1483 908 1560 939 hacc
1584 909 1656 938 olim
1681 909 1789 948 scripsi
1813 913 1842 939 ct

182 976 262 997 1111110
285 966 379 997 etiam
397 965 563 996 scribenda
582 976 651 997 esse
669 966 748 1005 dico,
775 976 844 996 cum
868 966 898 996 in
916 965 1075 996 codicibus
1101 965 1150 996 hic
1173 965 1212 996 sit
1235 964 1310 995 ordo
1333 965 1507 999 verborum,
1532 967 1570 994 ul)
1593 967 1679 995 horto
1703 968 1842 1002 sinyulree

180 1025 234 1052 secl
263 1022 309 1062 (et
330 1022 368 1057 F)
397 1025 520 1052 alternis
550 1025 729 1060 pauciores,
765 1032 844 1062 quae
874 1022 1013 1061 intellegi
1044 1032 1137 1062 posse
1164 1031 1257 1061 nego.
1301 1021 1443 1052 dicuntur
1475 1025 1579 1051 autem
1614 1021 1767 1052 fenestrae
1802 1021 1842 1052 ab

181 1081 311 1118 utraque
335 1078 583 1118 cryptoporticus
606 1082 693 1118 parte
716 1078 828 1113 fuisse,
852 1078 956 1118 plures
979 1088 998 1108 a
1021 1078 1112 1117 mari,
1136 1078 1299 1118 pauciores
1322 1078 1362 1108 ab
1386 1077 1488 1114 horto,
1513 1077 1569 1107 sed
1592 1077 1636 1107 ita
1659 1077 1842 1117 dispositae,

182 1137 214 1164 ut
248 1144 309 1165 non
340 1133 421 1165 duae
456 1134 486 1164 in
509 1134 619 1165 eodem
644 1134 711 1165 loco
739 1145 779 1165 ex
813 1134 946 1165 adverso
975 1134 1068 1174 sitae,
1103 1134 1158 1165 sed
1189 1134 1332 1173 singulae
1363 1133 1490 1164 alternis
1518 1133 1636 1163 vicibus
1666 1137 1779 1164 essent.
1803 1151 1842 1155 —

180 1189 222 1222 20
243 1192 278 1220 In
300 1193 399 1228 capite
419 1193 502 1229 xysti
523 1193 661 1228 deinceps
683 1194 924 1229 cryptoporticus
954 1192 1034 1220 tzorti
1056 1193 1157 1220 tliuetu
1180 1197 1232 1227 est,
1256 1200 1373 1221 amores
1395 1192 1457 1220 mei.
1502 1199 1563 1219 non
1586 1189 1745 1229 intellego,
1768 1189 1843 1229 quid

183 1245 261 1276 haec
285 1246 346 1276 sibi
368 1246 478 1285 velint,
519 1256 620 1286 neque
642 1246 811 1286 quidquam
839 1256 899 1286 quo
928 1246 1029 1286 magis
1057 1247 1222 1287 perspicua
1252 1246 1327 1277 fiant
1354 1246 1394 1276 ab
1416 1245 1635 1285 interpretibus
1670 1246 1719 1276 vel
1742 1246 1782 1276 ab
1805 1246 1842 1277 iis

182 1302 234 1342 qui
258 1301 499 1342 descriptionem
531 1303 690 1333 hortorum
718 1303 877 1343 explicare
907 1302 1090 1333 studuerunt
1119 1303 1258 1333 adlatum
1282 1312 1351 1333 esse
1375 1301 1475 1332 video.
1514 1301 1546 1331 in
1576 1301 1613 1332 iis
1636 1306 1740 1333 autem
1763 1312 1843 1342 quae

182 1358 323 1398 proxime
357 1358 546 1389 antecedunt
579 1359 827 1399 cryptoporticus
856 1363 886 1389 et
913 1362 1024 1399 xystus
1060 1362 1132 1390 ante
1165 1359 1427 1399 cryptoporticum
1459 1358 1536 1388 situs
1569 1357 1717 1399 descripti
1746 1363 1842 1390 erant.

182 1414 245 1445 iam
267 1414 370 1454 pergit
392 1414 560 1455 descriptio
583 1415 625 1446 ad
648 1415 785 1446 diaetam
808 1418 900 1455 xysto
922 1415 1129 1446 adiacentem.
1173 1415 1229 1446 sed
1252 1425 1378 1455 prorsus
1403 1415 1509 1455 inepta
1531 1415 1561 1445 in
1586 1415 1634 1446 his
1657 1418 1727 1446 sunt
1748 1415 1845 1446 verba

183 1474 426 1510 cryptoporticus
448 1473 538 1502 horti.
582 1481 662 1511 quae.
685 1471 711 1502 si
734 1471 924 1502 nominativo
950 1481 1026 1502 casu
1048 1471 1132 1502 dicta
1154 1475 1315 1512 putamus,
1338 1475 1371 1501 ut
1392 1471 1493 1502 visum
1514 1475 1561 1502 est
1583 1471 1768 1511 Doeringio,
1791 1471 1842 1511 qui

184 1526 379 1566 Pragensem
403 1527 543 1558 codicem
566 1531 690 1558 secutus
720 1527 815 1558 miras
839 1527 945 1558 turbas
970 1527 1027 1558 hoc
1050 1527 1118 1558 loco
1142 1527 1254 1567 edidit,
1285 1527 1418 1568 primum
1446 1527 1524 1558 duas
1547 1527 1698 1558 habemus
1721 1530 1843 1568 crypto-

182 1583 336 1624 porticus,
363 1592 432 1613 cum
455 1593 517 1614 una
539 1583 697 1624 descripta
719 1583 774 1622 sit,
799 1583 912 1614 deinde
937 1583 989 1623 qui
1012 1584 1072 1614 sint
1094 1584 1190 1624 horti,
1214 1594 1305 1614 nemo
1328 1583 1420 1614 facile
1442 1583 1566 1614 dixerit.
1611 1584 1659 1615 sin
1682 1584 1844 1624 genetivos

183 1649 254 1670 esse
275 1639 418 1670 volumus
449 1642 692 1678 cryptoporticus
714 1643 744 1671 et
766 1642 860 1679 horti,
895 1639 926 1670 id
954 1640 1036 1679 quod
1070 1640 1189 1680 priores
1218 1640 1402 1680 interpretes
1431 1640 1656 1680 probaverunt,
1694 1640 1845 1680 superiori

183 1694 386 1735 descriptioni
409 1699 578 1735 repugnat,
612 1699 644 1726 ut
666 1696 749 1736 quod
772 1695 802 1726 in
827 1696 929 1736 capite
958 1696 1041 1736 xysti
1067 1699 1115 1727 est
1142 1696 1226 1727 idem
1248 1696 1397 1736 deinceps
1419 1696 1450 1727 in
1473 1697 1575 1737 capite
1599 1696 1845 1737 cryptoporticus

183 1754 255 1791 post
284 1751 370 1782 illum
399 1751 521 1791 positae
548 1751 597 1782 sit.
640 1754 721 1782 liorti
742 1756 862 1791 autem,
898 1752 963 1783 sive
993 1761 1062 1783 cum
1089 1755 1189 1791 cupite
1215 1752 1351 1793 iungitur
1380 1753 1446 1783 sive
1476 1763 1545 1783 cum
1569 1755 1683 1791 diaeta,
1718 1762 1845 1793 prorsus

187 1806 326 1847 ineptum
348 1810 405 1838 est.
449 1807 554 1847 itaque
576 1817 616 1838 ex
639 1807 747 1848 glossa
768 1808 810 1839 ad
832 1812 1049 1848 argumentum
1077 1808 1160 1848 qnod
1181 1811 1331 1839 tractatur
1352 1809 1552 1840 indicandum
1574 1809 1605 1839 in
1627 1809 1768 1849 margine
1790 1808 1844 1839 ad-

184 1863 301 1903 scripta
322 1863 384 1894 ista
405 1863 502 1894 verba
521 1863 690 1903 inrepsisse
712 1864 862 1904 suspicor.
907 1866 1045 1902 deinceps
1065 1868 1180 1904 autem,
1203 1875 1259 1905 pro
1282 1875 1342 1905 quo
1361 1865 1391 1895 in
1408 1865 1436 1895 D
1460 1868 1507 1896 est
1529 1867 1646 1905 deinde,
1668 1865 1762 1895 etiam
1785 1864 1846 1896 illis

186 1919 310 1950 omissis
333 1922 417 1950 recte
440 1919 567 1950 dicitur:
591 1920 628 1950 ct'.
651 1920 697 1950 IX
719 1921 752 1960 4,
776 1920 796 1952 2
817 1930 895 1959 quae
917 1923 1055 1959 deinceps
1076 1927 1248 1959 sequuntur.

309 1975 339 2005 Π
362 1975 402 2007 18
410 2000 418 2015 ,
440 1976 460 2007 2
488 1978 566 2006 Nam
592 1979 732 2015 proxime
751 1979 900 2015 frequenti
922 1979 1072 2007 auditorio
1102 1980 1179 2008 inter
1204 1988 1238 2008 se
1264 1987 1366 2008 coram
1394 1980 1491 2008 multis
1513 1980 1629 2008 ordines
1650 1979 1744 2007 nostri
1765 1980 1847 2008 clare

185 2032 374 2061 iocabantur.
416 2034 538 2070 intravi,
569 2036 784 2064 conticuerunt.
829 2043 899 2064 raro
932 2033 1077 2073 exemplo
1099 2033 1159 2064 hoc
1181 2034 1249 2065 loco
1280 2044 1386 2064 veram
1410 2033 1594 2074 scripturam
1623 2033 1681 2064 soli
1702 2033 1762 2064 MV
1784 2032 1844 2063 dis-

185 2086 390 2117 sentientibus
413 2087 538 2127 reliqujs
561 2088 648 2119 libris
677 2092 888 2120 servaverunt.
927 2099 1000 2120 nam
1029 2099 1085 2129 pro
1117 2092 1311 2129 iocabantur,
1345 2090 1428 2129 quod
1460 2090 1577 2121 habent
1606 2090 1660 2120 FD
1688 2092 1718 2120 et
1750 2088 1844 2120 editio

186 2142 332 2183 princeps
354 2146 384 2174 et
404 2143 534 2183 Aldina,
564 2144 596 2174 in
618 2144 678 2174 illis
700 2145 849 2185 scriptum
872 2149 919 2176 est
940 2147 1148 2182 loquebantur.
1181 2156 1220 2176 ex
1243 2145 1449 2177 Riccardiano
1472 2146 1579 2177 codice
1604 2145 1740 2177 adfertur
1761 2147 1844 2175 iocu-

185 2200 305 2229 bantur.
348 2208 409 2230 non
430 2203 533 2240 potest
554 2203 660 2231 autem
681 2200 817 2231 dubitari
839 2200 913 2240 quin
935 2203 1132 2239 loquebantur
1154 2201 1312 2242 scripserit
1334 2201 1462 2233 Plinius.
1506 2212 1579 2233 nam
1602 2202 1728 2233 iuvenes
1752 2211 1843 2241 quos-

186 2253 259 2285 dam
287 2254 368 2285 hanc
391 2255 450 2286 sibi
479 2256 686 2287 reverentiam
715 2256 864 2287 habuisse
892 2256 1008 2296 scribit,
1031 2260 1064 2288 ut
1072 2282 1080 2297 ‚
1114 2267 1184 2288 cum
1205 2268 1311 2288 coram
1338 2258 1443 2289 multis
1466 2258 1661 2289 senatoribus
1684 2267 1842 2288 sermones

185 2310 356 2349 agitarent,
391 2320 425 2341 se
453 2311 586 2343 intrante
615 2315 762 2343 tacerent.
817 2312 848 2343 in
878 2322 938 2352 quo
969 2323 1038 2344 cum
1066 2323 1122 2354 per
1144 2323 1178 2345 se
1200 2314 1313 2344 rectius
1342 2313 1436 2344 locuti
1465 2324 1559 2354 quam
1587 2313 1677 2345 iocati
1701 2323 1771 2344 esse
1799 2313 1842 2344 di-

1534 2371 1553 2402 11¹·

1380 2438 1395 2456 6
