2080 2771
375 428 423 459 Ex
458 427 505 458 his
534 426 723 467 intellegitur
752 425 813 456 fide
842 425 963 456 illorum
985 425 1142 463 codicum,
1172 424 1210 455 de
1237 424 1348 464 quibus
1380 424 1495 455 dictum
1527 427 1588 465 est,
1621 427 1704 455 recte
1728 424 1906 456 existimata

250 483 396 515 iudicium
431 483 462 514 in
496 483 554 514 hac
584 483 708 523 quidem
738 485 826 522 parte
854 481 1055 522 epistularum
1084 480 1256 520 regendum
1285 490 1364 511 esse.
1409 480 1545 511 maxime
1579 483 1683 511 autem
1714 480 1791 511 illud
1824 481 1906 521 quod

250 539 316 571 dixi
345 540 386 570 ad
417 539 686 579 interpolationem
720 537 861 568 codicum
889 540 973 567 reete
1009 535 1252 576 intellegendam
1280 536 1373 567 valet.
1425 546 1498 567 nam
1530 546 1599 567 eum
1634 540 1760 577 propter
1801 537 1905 577 stirpis

252 595 465 627 diversitatem
488 595 519 625 in
540 604 600 625 uno
623 594 730 625 codice
753 594 802 624 vel
820 593 961 624 codicum
983 602 1099 633 genere
1114 592 1299 632 interpolata
1323 592 1477 632 scriptura
1498 602 1569 624 esse
1591 593 1699 632 soleat,
1723 593 1906 633 plerumque

250 651 513 683 consentientibus
547 650 673 690 reliquis
702 659 776 680 vera
809 649 962 689 scriptura
992 648 1199 688 cognoscitur.
1243 647 1364 678 aceedit
1396 651 1500 678 autem
1528 648 1610 688 quod
1639 648 1763 680 diversa
1790 649 1822 680 in
1844 659 1905 680 uno

254 717 375 747 quoque
398 706 475 737 libro
504 705 750 746 interpolationis
784 705 871 745 origo
903 708 933 735 et
954 708 1066 735 natura
1092 708 1148 735 est.
1192 704 1342 734 latissime
1372 704 1466 743 igitur
1487 704 1695 745 interpolandi
1718 705 1853 736 studium
1874 705 1906 736 in

253 762 430 794 Florentino
453 762 560 794 codiee
582 765 731 802 vagamini
760 764 816 792 est.
860 761 891 791 in
922 770 981 801 quo
1011 760 1089 791 libro
1119 770 1179 791 non
1203 760 1302 791 solum
1325 760 1475 801 conplura
1503 760 1606 792 verbis
1630 760 1745 791 additis
1769 761 1818 792 vel
1841 771 1905 792 mu-

253 819 326 850 tatis
350 818 487 859 graviter
510 821 654 858 corrupta
676 820 761 857 sunt,
801 817 857 848 sed
880 817 973 847 etiam
996 819 1145 857 perpetuo
1173 816 1307 856 quodam
1330 816 1506 856 corrigendi
1535 816 1637 847 studio
1660 827 1760 857 genus
1783 816 1907 848 dicendi

250 875 293 906 ita
315 878 464 906 mutatum
487 877 542 913 est,
568 877 600 904 ut
622 874 718 904 multa
740 884 780 904 ex
802 873 839 903 iis
861 883 942 913 quae
965 872 1097 903 Pliniani
1121 872 1272 903 sermonis
1294 872 1420 913 propria
1442 876 1513 902 sunt
1535 872 1576 903 ad
1597 873 1758 913 vulgarem
1782 873 1906 904 dicendi

249 941 365 962 morem
388 931 611 970 redigerentur.
657 940 695 960 ex
729 939 844 969 magno
873 929 1086 969 exemplorum
1113 938 1241 959 numero
1264 928 1413 959 nonnulla
1442 938 1481 959 ex
1512 928 1643 960 diversis
1675 929 1815 970 partibus
1843 929 1905 960 eol-

250 988 350 1027 leeta,
390 997 488 1028 eaque
516 986 661 1027 adposita
690 985 819 1016 aliorum
847 985 994 1016 libroruin
1023 984 1176 1025 scriptura
1204 995 1259 1025 per
1287 994 1338 1023 se,
1372 984 1402 1015 ni
1432 984 1537 1024 fallor,
1572 986 1751 1026 perspicua,
1782 995 1905 1026 ponam,

250 1053 288 1075 ex
311 1044 422 1084 quibus
445 1042 624 1074 universum
647 1052 746 1082 genus
769 1042 917 1081 cognosci
945 1041 1053 1082 possit.
1099 1040 1112 1071 I
1135 1040 1169 1080 8,
1193 1042 1231 1072 15
1254 1043 1304 1079 ita,
1326 1044 1352 1071 si
1372 1043 1486 1071 silenda
1506 1043 1635 1080 seceris,
1663 1044 1778 1079 factum
1802 1045 1905 1081 ipsum,

250 1102 277 1130 si
299 1102 454 1130 laudanda
477 1109 534 1129 non
557 1101 660 1135 sileas,
694 1101 755 1136 ipse
784 1100 915 1136 culparis
935 1097 1003 1132 MV,
1028 1100 1071 1127 ita
1101 1100 1128 1127 si
1154 1099 1268 1127 silenda
1294 1099 1403 1133 feceris
1432 1099 1545 1133 factum
1567 1101 1661 1136 ipsum
1690 1101 1716 1129 si
1748 1100 1907 1129 laudanda

249 1158 331 1194 quod
351 1166 410 1186 non
431 1159 519 1186 sileas
541 1157 603 1193 ipse
625 1157 763 1192 culpatur
785 1154 823 1190 F3
847 1154 876 1183 II
898 1154 953 1193 14,
976 1154 995 1184 4
1016 1159 1179 1191 sequuntur
1202 1155 1356 1183 auditores
1383 1156 1539 1184 actoribus
1565 1156 1686 1189 similes,
1718 1157 1859 1184 conducti
1880 1159 1908 1185 et

248 1215 405 1251 redempti,
441 1221 580 1250 manceps
614 1213 787 1241 convenitur
816 1210 873 1240 MV
876 1210 921 1247 D,
951 1215 1115 1247 sequuntur
1152 1212 1306 1239 auditores
1343 1212 1516 1240 auctoribus
1547 1213 1654 1240 similes
1689 1214 1860 1241 convenitur
1887 1220 1906 1240 α

250 1271 405 1299 conductis
433 1274 460 1298 et
491 1270 666 1306 redemptis;
690 1266 735 1297 ΠῘ
763 1266 797 1305 9,
821 1266 860 1298 3¹2
891 1268 960 1296 dari
986 1268 1044 1296 sibi
1079 1268 1155 1296 diem
1193 1268 1286 1300 (idem
1308 1266 1380 1306 MV)
1410 1271 1437 1296 et
1467 1269 1509 1302 (ec
1542 1275 1600 1296 om.
1630 1266 1672 1306 D)
1707 1269 1756 1297 edi
1782 1269 1908 1297 crimina

246 1326 420 1363 postulabat
440 1324 546 1362 MVD,
569 1326 638 1353 dari
665 1325 724 1352 sibi
745 1325 822 1353 diem
857 1325 899 1353 ad
926 1325 1067 1353 diluenda
1089 1325 1216 1353 crimina
1237 1325 1402 1361 postulavit
1424 1322 1461 1360 Ρ,
1494 1321 1536 1352 IV
1558 1323 1594 1361 7,
1618 1324 1636 1353 4
1670 1328 1703 1353 ut
1731 1329 1835 1353 orator
1855 1325 1907 1353 ha-

251 1383 357 1411 beatur
378 1380 476 1419 MVD,
500 1386 532 1410 ut
550 1382 687 1418 plurimis
713 1383 820 1408 orator
847 1381 996 1409 habeatur
1017 1378 1057 1415 F;
1082 1379 1135 1418 13,
1158 1377 1178 1410 2
1204 1380 1259 1408 sed
1277 1381 1362 1416 prius
1385 1381 1489 1416 accipe
1511 1387 1620 1408 causas
1654 1382 1787 1416 royandi
1808 1379 1906 1419 MVD,

245 1438 301 1467 sed
331 1439 416 1475 prius
448 1439 552 1474 accipe
585 1446 695 1466 causas
729 1437 862 1472 roqana'i
901 1437 1006 1465 deinde
1033 1438 1128 1473 ipsum
1157 1436 1240 1472 quod
1266 1441 1335 1473 peto
1372 1434 1408 1472 F,
1440 1435 1495 1474 15,
1529 1435 1566 1465 11
1600 1437 1737 1474 iqnosce,
1769 1438 1906 1474 primum,

247 1495 330 1530 quod
351 1495 379 1522 ia
404 1502 440 1522 ea
463 1495 597 1530 civitate,
621 1494 650 1522 in
672 1502 731 1529 qua
758 1493 855 1521 onmia
877 1494 964 1528 quasi
986 1493 1023 1521 ab
1046 1493 1264 1529 occupantibus
1288 1490 1554 1531 (occupationibus
1568 1490 1642 1531 MV)
1666 1497 1806 1530 aquntur⁷
1830 1501 1908 1529 quae

249 1551 408 1586 leqitimum
437 1554 547 1586 tempus
576 1553 736 1586 caper-tant
763 1557 822 1577 non
849 1553 982 1585 matura,
1015 1549 1069 1577 sed
1088 1557 1157 1577 sera
1178 1553 1262 1586 sunt,
1297 1549 1417 1581 deinde.
1451 1549 1534 1584 quod
1555 1557 1653 1577 rerum
1685 1557 1761 1585 quas
1783 1550 1908 1586 adsequi

248 1607 354 1642 cupias
373 1607 577 1642 praesumptio
607 1607 672 1642 ipsa
695 1606 828 1633 iucunda
853 1608 895 1632 est
917 1603 1022 1641 MVD,
1054 1606 1172 1641 iqnosce
1191 1606 1318 1641 primum
1342 1605 1415 1641 quia
1441 1605 1517 1632 votis
1544 1606 1607 1633 suis
1630 1613 1715 1634 amor
1730 1607 1907 1642 plerumque

245 1663 419 1698 praecurrit
451 1663 557 1690 deinde
578 1663 660 1698 quod
686 1663 716 1690 in
744 1670 781 1689 ea
813 1662 933 1690 civitate
954 1678 995 1680 —
1015 1669 1084 1689 sera
1112 1665 1182 1689 sunt
1211 1663 1239 1689 in
1269 1669 1382 1690 sunzma
1411 1661 1492 1697 quod
1518 1669 1617 1689 rerum
1639 1662 1696 1690 etc.
1720 1660 1754 1690 F.
1777 1660 1808 1690 H
1830 1661 1863 1700 1,
1887 1660 1904 1691 1

248 1719 405 1747 clarissimi
433 1719 506 1747 civis
534 1718 659 1754 perinde
685 1718 783 1752 felicis
806 1715 912 1754 MVD,
940 1718 1097 1746 clarissimi
1127 1719 1198 1746 civis
1226 1721 1254 1746 et
1277 1718 1405 1754 perinde
1431 1717 1528 1751 felicis
1549 1715 1588 1753 F;
1622 1716 1655 1755 5,
1685 1716 1704 1747 3
1732 1718 1904 1755 condemns,

246 1776 363 1810 pariter
382 1790 417 1794 —
442 1776 584 1803 servimus
597 1772 696 1811 MVD,
718 1774 883 1810 §audemus
891 1775 1065 1810 pariterque
1078 1792 1116 1796 —
1132 1774 1275 1802 servimus
1286 1771 1311 1801 F
1318 1785 1324 1809 ς
1349 1772 1397 1811 17,
1411 1771 1430 1803 3
1453 1781 1594 1809 equorum
1607 1774 1692 1802 boum
1710 1774 1846 1809 (bovium
1860 1772 1903 1813 D)

249 1834 382 1858 armenta
394 1828 497 1867 MVD,
520 1838 660 1867 equorum
684 1831 827 1866 boumque
849 1834 982 1858 armenta
1000 1828 1037 1866 F3
1060 1828 1100 1858 ib.
1118 1827 1138 1859 9
1160 1830 1219 1858 huc
1240 1831 1309 1858 illuc
1328 1828 1432 1867 MVD,
1456 1830 1655 1866 ancillaeque
1672 1828 1710 1866 F,
1733 1828 1787 1868 HJ,
1812 1829 1840 1868 1,
1864 1827 1905 1860 10

249 1889 364 1915 (ιιινῐιιηι
387 1888 538 1915 oculorum
560 1887 646 1922 Μῃον-
668 1884 771 1923 DVD,
805 1887 922 1914 aurium
945 1887 1155 1922 oculorumque
1182 1887 1266 1922 viqor
1287 1883 1321 1914 F.
1345 1883 1374 1913 Π
1398 1884 1432 1923 7,
1455 1884 1473 1915 5
1497 1886 1581 1922 diqni
1608 1888 1667 1914 sint
1694 1886 1781 1914 modo
1803 1884 1902 1924 MVD,

248 1946 279 1970 ut
302 1943 383 1978 (liqui
403 1943 461 1971 sint
481 1944 568 1971 modo
582 1941 622 1979 F,
647 1941 695 1977 12,
719 1941 738 1972 7
761 1943 890 1970 habebat
911 1943 968 1971 hoc
989 1945 1078 1971 moris
1090 1940 1149 1970 MV
1162 1940 1400 1978 Rieoardianus,
1423 1942 1553 1970 habebat
1574 1943 1649 1970 enim
1671 1942 1730 1970 hoc
1749 1943 1839 1971 moris
1861 1941 1901 1977 F;

248 1995 300 2035 IV,
327 1997 379 2033 16,
401 1997 420 2028 2
444 2007 550 2035 mayno
575 2007 639 2027 cum
661 1999 777 2033 labore,
808 1999 921 2027 maiore
943 2007 1007 2027 cum
1027 1999 1129 2033 fructu
1152 1996 1257 2035 MVD,
1287 2006 1393 2034 maqno
1416 2006 1482 2027 cum
1503 1998 1607 2026 labore
1628 1999 1683 2026 sed
1702 1999 1815 2027 maiore
1837 2007 1901 2027 cum

245 2054 348 2089 fructu
366 2053 405 2090 F÷
427 2052 458 2083 H
472 2054 500 2089 5,
524 2053 544 2084 8
565 2055 621 2083 illis
643 2055 747 2090 quibus
767 2056 886 2091 capitur
899 2052 996 2092 MVD,
1020 2056 1107 2083 illisa
1122 2055 1229 2090 quihus
1240 2055 1361 2091 capitur
1383 2052 1420 2091 Ρ,
1444 2052 1472 2091 8,
1495 2052 1514 2084 3
1537 2063 1604 2082 nam
1619 2055 1764 2082 veteribus
1778 2056 1901 2090 neqotiis

248 2118 324 2139 nova
347 2111 524 2140 adcrescunt
541 2109 644 2148 MVD,
668 2119 735 2138 nam
758 2112 786 2139 iu
811 2111 954 2139 veteribus
975 2112 1032 2139 ete.
1056 2109 1093 2147 F3
1118 2109 1147 2139 II
1170 2108 1198 2148 5,
1222 2108 1240 2140 6
1263 2118 1393 2139 exorare
1415 2111 1561 2138 debebunt
1575 2108 1673 2147 MVD,
1697 2118 1827 2139 exorare
1849 2111 1900 2139 de-

250 2166 375 2195 buerunt
397 2165 434 2203 F,
468 2166 520 2204 17,
544 2165 583 2196 24
613 2175 677 2194 cum
709 2175 753 2194 me
774 2168 886 2203 recipio
910 2165 1013 2205 MVD,
1042 2176 1106 2196 cum
1134 2175 1179 2195 me
1200 2167 1294 2203 recipi
1314 2164 1551 2203 Riccardianus‚
1586 2175 1650 2195 cum
1673 2174 1717 2194 me
1739 2167 1838 2203 recepi
1858 2164 1898 2202 F,

249 2220 302 2259 19,
326 2221 345 2253 9
367 2224 497 2258 eripitur
518 2221 561 2257 D,
593 2224 686 2258 eripit
708 2221 782 2258 MV,
806 2224 942 2259 exigetur
963 2221 988 2251 F
995 2235 1001 2259 ς
1038 2221 1089 2260 18,
1113 2222 1132 2252 4
1154 2223 1253 2257 liberi,
1284 2223 1410 2251 dicerem
1432 2223 1476 2251 tui
1496 2220 1599 2259 MVD,
1622 2223 1708 2251 liberi
1730 2223 1899 2251 dicerentur

250 2279 292 2306 tui
316 2276 352 2314 F,
376 2276 420 2306 ΠΙ
444 2277 497 2316 16,
522 2278 558 2308 11
582 2283 612 2307 ut
633 2287 690 2307 non
713 2280 826 2307 moriar
848 2277 952 2316 MVD,
976 2287 1014 2307 ne
1031 2280 1144 2307 moriar
1166 2277 1199 2307 F.
1244 2276 1273 2307 in
1296 2280 1359 2307 tam
1381 2276 1547 2307 manifesta
1569 2277 1639 2307 libri
1660 2277 1897 2317 interpolatione

249 2332 361 2371 multa,
399 2342 478 2372 quae
507 2333 580 2363 olim
602 2343 621 2363 a
652 2333 792 2373 plurimis
821 2333 990 2364 editoribus
1017 2333 1149 2373 probata
1177 2336 1261 2369 sunt,
1299 2342 1486 2372 quamquam
1516 2342 1572 2373 per
1598 2342 1632 2364 se
1661 2343 1737 2364 sane
1759 2332 1896 2373 genuina
