2080 2771
248 422 490 454 diiudicandam.
534 431 607 452 nam
634 420 685 451 ille
715 422 803 450 vetus
834 421 902 449 octo
931 417 1079 448 librorum
1109 417 1226 456 codex,
1262 427 1301 447 ex
1333 426 1393 456 quo
1415 421 1557 448 recentes
1591 418 1685 449 libros
1708 417 1832 449 Italicos
1855 418 1909 449 de-

249 479 380 519 scriptos
404 488 474 509 esse
497 477 579 515 dixi,
603 479 751 516 quantum
773 474 898 514 quidem
920 484 960 504 ex
982 473 1030 503 his
1053 473 1129 513 ipsis
1152 472 1292 512 intellegi
1314 476 1425 513 potest,
1449 473 1545 514 stirpe
1568 473 1693 514 quidem
1715 473 1756 504 ad
1776 474 1910 506 Medieei

249 538 279 565 et
292 534 434 565 Vaticani
451 533 654 573 archetypum
669 541 765 572 prope
783 530 963 563 accedebat.
986 529 1036 560 vel
1050 529 1177 569 propius
1191 531 1275 559 certe
1298 529 1338 559 ab
1361 529 1419 560 hoc
1434 539 1527 569 quam
1545 530 1584 560 ab
1607 530 1727 570 origine
1740 530 1910 562 Florentini

249 600 340 630 quem
363 590 443 625 dixi,
478 593 511 619 ut
534 588 722 619 simillimum
751 586 821 617 huic
843 585 1080 616 I-ziecardianum
1110 594 1191 615 nune
1214 584 1369 624 omittam,
1405 585 1528 623 aberat3
1557 586 1614 617 sed
1637 586 1718 617 idem
1741 586 1911 618 admodum

248 646 363 677 vitiose
385 645 517 686 scriptus
539 644 605 675 fuit.
650 653 709 684 quo
731 644 847 673 tactum
870 645 917 672 est
937 645 978 681 ut,
1002 651 1072 672 cum
1090 641 1223 681 primum
1247 641 1277 671 in
1300 640 1392 671 Italia
1408 641 1542 672 describi
1565 646 1693 682 coeptus
1715 646 1772 682 est,
1795 643 1910 683 primos

250 702 455 742 epistularum
477 701 586 739 libros,
616 700 647 730 in
676 699 787 739 quibus
809 697 1006 728 Florentinus
1029 697 1128 728 codex
1156 696 1269 736 quique
1298 706 1338 727 cx
1361 697 1419 727 hoc
1442 697 1590 738 descripti
1615 701 1704 728 erant
1725 699 1821 729 multo
1844 699 1909 739 pla-

248 758 366 789 niorem
397 762 426 788 et
454 757 624 788 faciliorem
654 755 837 795 scripturam
861 754 1069 794 praebebant,
1104 756 1157 783 aut
1179 763 1219 783 ex
1241 752 1288 783 his
1314 753 1416 793 potius
1439 763 1531 793 quam
1561 763 1601 784 cx
1623 754 1675 785 illo
1699 754 1912 786 describerent

249 817 303 845 aut
328 814 394 844 eius
424 813 507 843 modi
529 813 615 843 libris
649 810 796 842 adhibitis
831 813 976 850 corrupta
1005 809 1197 850 exemplaria
1232 809 1432 849 corrigerent.
1477 813 1540 840 tam
1575 809 1638 840 late
1667 813 1771 841 autem
1805 821 1911 842 eorum

249 869 397 900 librorum
419 868 586 900 auctoritas
616 871 680 898 tum
703 867 817 907 patuit,
854 870 886 896 ut
909 866 961 896 vix
983 865 1064 896 ullus
1086 865 1261 896 inveniatur
1283 865 1383 896 codex
1412 875 1451 896 ex
1473 865 1511 896 iis
1542 866 1594 905 qui
1616 869 1686 897 octo
1709 867 1912 907 epistularum

250 926 347 956 libros
370 925 536 959 continent,
560 925 610 964 qui
634 924 674 955 ab
696 923 757 953 ista
773 922 960 962 contagione
974 925 1057 952 tutus
1074 921 1228 962 integram
1243 921 1357 953 veteris
1375 921 1491 952 codicis
1508 922 1691 962 scripturam
1707 923 1855 954 exhibeat
1867 924 1910 963 ἃ).

250 991 343 1012 unum
369 982 471 1012 inveni
491 980 703 1011 Drcsdensem
725 979 864 1009 codicem
878 979 945 1019 (D),
969 978 1000 1008 in
1022 988 1113 1018 quem
1137 978 1308 1018 scripturae
1332 988 1370 1008 ex
1385 978 1564 1009 Florentino
1587 978 1695 1010 codice
1717 983 1912 1020 propagatae

251 1038 421 1079 posteriore
454 1046 547 1067 manu
570 1036 612 1067 ita
634 1036 749 1066 inlatae
772 1038 857 1074 sunt,
889 1038 922 1065 ut
944 1034 1018 1074 quid
1040 1034 1070 1065 in
1092 1034 1195 1074 priore
1223 1034 1375 1074 scriptura
1401 1034 1494 1065 fuerit
1521 1037 1604 1065 certo
1633 1035 1779 1074 cognosci
1802 1035 1910 1075 possit.

250 1104 346 1134 quare
368 1093 495 1133 reliquis
519 1092 642 1123 omissis
665 1091 744 1122 hunc
766 1101 860 1122 unum
883 1091 914 1121 in
941 1091 999 1121 hae
1023 1090 1148 1130 quidem
1170 1094 1258 1130 parte
1287 1090 1489 1131 epistularum
1516 1091 1599 1121 tertii
1622 1091 1764 1121 codicum
1786 1091 1911 1131 generis

250 1153 362 1181 testem
391 1160 460 1180 esse
483 1149 576 1180 volui.
620 1149 650 1178 iu
684 1158 721 1179 eo
749 1147 856 1178 codiee
880 1150 983 1178 autem
1012 1156 1081 1177 cum
1110 1146 1185 1177 ordo
1209 1146 1410 1186 epistularum
1434 1146 1503 1176 libri
1524 1147 1621 1186 quinti
1644 1150 1674 1178 et
1695 1147 1782 1187 noni,
1820 1157 1912 1188 quem

250 1206 375 1246 quidem
400 1206 451 1236 ille
476 1209 618 1236 oetamm
641 1207 798 1241 numerat,
822 1206 958 1234 mutatus
981 1207 1044 1242 est,
1075 1206 1138 1233 tuin
1162 1203 1192 1233 in
1215 1203 1313 1243 primo
1343 1203 1422 1233 libro
1447 1206 1591 1242 quattuor
1613 1203 1780 1243 epistulae,
1805 1203 1839 1243 8,
1862 1204 1912 1244 12,

250 1262 307 1301 23,
330 1263 386 1294 24,
417 1272 473 1292 suo
496 1261 564 1292 loeo
587 1260 721 1291 omissae
742 1263 771 1291 et
795 1270 833 1291 ex
858 1259 1036 1290 Florentino
1067 1259 1174 1289 codice
1197 1259 1373 1299 descriptae
1407 1259 1437 1289 in
1460 1259 1521 1289 fine
1545 1259 1661 1290 codicis
1684 1259 1810 1290 additae
1833 1262 1912 1291 sunt.

252 1318 333 1348 hune
356 1318 449 1358 igitur
473 1328 492 1348 a
515 1317 684 1347 Florentiui
717 1316 832 1346 codicis
856 1315 976 1355 origine
1000 1315 1156 1346 diversum
1186 1325 1255 1346 cum
1277 1315 1410 1346 Medicei
1441 1319 1471 1346 et
1493 1315 1636 1346 Vaticani
1659 1316 1846 1356 archetypo,
1881 1319 1914 1347 ut

251 1374 337 1413 dixi,
361 1375 466 1415 stirpis
487 1373 673 1413 cognatione
695 1373 891 1403 coniunctum
914 1382 1000 1409 esse,
1031 1371 1086 1402 sed
1111 1371 1141 1402 in
1164 1381 1203 1402 ea
1226 1371 1411 1411 cognatione
1431 1375 1535 1402 tamen
1558 1381 1647 1403 suam
1670 1372 1729 1403 sibi
1753 1372 1913 1403 vindicare

253 1430 468 1461 auctoritatem
493 1439 593 1469 neque
617 1439 656 1459 ex
678 1429 746 1469 ipso
769 1428 821 1458 illo
844 1428 1014 1468 archetypo
1037 1427 1162 1458 <luctum
1185 1438 1254 1458 esse
1278 1428 1350 1458 inde
1373 1428 1578 1468 intellegitur,
1602 1428 1684 1468 quod
1708 1431 1738 1459 et
1760 1438 1830 1459 curn
1851 1428 1912 1460 illis

252 1486 283 1517 in
316 1486 488 1517 manifestis
517 1485 702 1525 quibusdam
732 1484 814 1515 m‘tiis
848 1494 867 1514 a
896 1484 1049 1514 colunumi
1071 1484 1191 1523 origine
1220 1484 1366 1524 profectis
1395 1484 1548 1515 consentit
1581 1488 1611 1515 et
1643 1494 1712 1515 curn
1734 1484 1912 1516 Florentino

257 1542 365 1574 codiee
388 1542 492 1573 multis
515 1541 605 1575 locis,
638 1542 668 1571 in
691 1541 801 1581 quibus
824 1541 868 1571 illi
888 1541 1022 1581 corrupti
1045 1544 1128 1579 sunt,
1162 1540 1316 1580 integram
1345 1540 1529 1580 scripturam
1549 1541 1694 1571 servavit.
1739 1541 1913 1572 certissima

256 1599 323 1630 eius
347 1598 391 1628 rei
414 1598 529 1628 indicia
547 1597 698 1638 praebent
720 1597 860 1628 laciniae.
904 1607 976 1627 nani
999 1596 1163 1636 quaedam,
1185 1606 1265 1636 quae
1288 1596 1318 1627 in
1343 1596 1403 1627 illis
1420 1597 1574 1627 communi
1597 1597 1672 1628 vitio
1695 1597 1811 1628 omissa
1832 1600 1912 1637 sunt,

254 1655 338 1686 solus
363 1654 556 1685 Florentinus
580 1654 729 1690 servavit,
762 1658 795 1684 ut
817 1653 859 1684 IV
881 1653 914 1692 ὗ,
939 1653 958 1684 4
987 1662 1044 1690 quo
1066 1656 1104 1683 sit
1126 1656 1314 1690 excusatius,
1349 1655 1430 1691 quod
1461 1655 1567 1683 librum
1595 1656 1704 1692 ipsum,
1739 1663 1796 1683 non
1819 1659 1913 1684 tamen

255 1714 335 1741 ultra
365 1720 474 1741 causae
504 1712 723 1748 mnplz'lmlinem
753 1711 957 1744 ea·{e‘72dinzzaes;
990 1709 1024 1747 7,
1048 1709 1065 1740 7
1088 1711 1182 1738 risum
1209 1713 1305 1747 massis
1328 1712 1428 1748 possit
1460 1712 1626 1747 caprimere
1648 1720 1736 1747 quam
1757 1713 1912 1747 mimium,-

255 1766 312 1805 10,
337 1767 355 1798 3
378 1776 472 1804 neque
505 1769 580 1795 enim
611 1769 708 1796 minus
736 1768 819 1803 apud
847 1775 903 1796 nos
932 1767 1069 1795 honestos
1102 1776 1190 1803 quum
1220 1768 1303 1803 apud
1330 1768 1406 1795 alios
1428 1769 1591 1796 necessilas
1613 1769 1706 1802 valet,·
1733 1766 1785 1805 12,
1820 1766 1839 1798 3
1860 1767 1916 1796 sed

256 1828 351 1852 tamen
374 1825 525 1862 q11aesli03
560 1821 600 1851 ib.
624 1823 642 1853 5
665 1828 696 1851 ut
725 1831 779 1859 eqo
803 1825 899 1852 statim
918 1824 987 1858 feci.
1032 1824 1139 1851 eontra
1166 1821 1197 1851 in
1220 1821 1360 1852 Medieeo
1391 1824 1421 1852 et
1443 1821 1594 1852 Vaticano
1617 1821 1724 1852 codice
1746 1822 1843 1853 multa
1863 1822 1913 1853 vel

255 1878 458 1918 neglegentia
480 1878 593 1908 veteris
616 1877 733 1908 librarii
756 1878 804 1909 vel
827 1877 929 1908 deleta
952 1876 1113 1918 archetypi
1136 1877 1289 1917 scriptura
1309 1877 1425 1908 omissa
1447 1880 1527 1917 sunt,
1550 1887 1630 1917 quae
1654 1888 1722 1908 cum
1735 1878 1913 1909 Florentino

257 1935 363 1965 codice
387 1934 523 1965 servavit
546 1934 732 1965 Dresdensis
756 1934 848 1973 liber,
872 1937 904 1964 ut
926 1933 969 1963 [V
990 1936 1019 1972 4,
1042 1934 1061 1964 2
1084 1936 1230 1971 obliyabis
1250 1936 1407 1964 Calvisium
1429 1940 1575 1972 nostrum3
1600 1934 1652 1973 17,
1675 1935 1696 1965 4
1717 1937 1893 1964 sanctiorem
1901 1945 1912 1970 ,-

256 1990 297 2021 ib.
320 1991 339 2022 δ’
363 1993 485 2024 deinde:
516 1990 556 2020 ib.
583 1992 615 2021 ll
640 1994 686 2020 rel
706 1994 795 2020 eliam
817 1992 1112 2025 commemlaffonerm
1146 1991 1201 2029 21,
1225 1989 1244 2021 2
1266 2000 1365 2027 anyer
1392 1993 1568 2028 optimorum
1595 1994 1786 2026 maritorztm;
1815 1989 1871 2030 26,
1894 1990 1914 2021 2

257 2057 347 2085 super
374 2050 451 2077 haec
478 2050 740 2084 occupatissimus;
764 2046 822 2085 27,
851 2048 867 2077 1
899 2049 1077 2076 recitantem.
1137 2045 1248 2077 eadem
1280 2046 1426 2077 librorum
1455 2045 1534 2076 ratio
1563 2046 1656 2077 etiam
1685 2046 1716 2076 in
1744 2046 1913 2077 minoribus

366 2128 392 2159 2‘2)
411 2127 625 2160 Antiquissiinus
651 2135 683 2152 ex
712 2127 763 2152 hoc
783 2134 882 2160 genere
903 2126 1042 2153 librorum„
1069 2126 1102 2152 sle
1122 2126 1198 2151 cuius
1218 2126 1326 2159 quidem
1346 2129 1437 2152 aetate
1457 2130 1530 2152 certo
1551 2130 1672 2157 constat,
1702 2130 1742 2153 est
1766 2126 1853 2152 codex
1871 2134 1913 2152 ar-

260 2177 342 2203 chivii
361 2178 510 2203 cassinatis
536 2185 560 2203 a.
589 2178 655 2204 1429
682 2185 746 2209 tnon
768 2178 849 2206 1423,
876 2180 903 2202 ut
923 2177 986 2202 olim
1006 2176 1112 2209 scripsi)
1132 2176 1167 2201 ab
1187 2176 1310 2202 Antonio
1329 2176 1405 2202 Marii
1425 2175 1481 2202 filio
1500 2175 1656 2202 Florentino
1680 2177 1805 2210 scriptus.
1842 2176 1913 2203 hunc

260 2236 368 2261 quoque
388 2228 414 2253 in
433 2228 525 2260 primis
544 2227 618 2253 libris
638 2228 795 2260 plerumque
815 2227 960 2253 Florentini
981 2227 1083 2252 codicis
1103 2227 1264 2259 scripturam
1283 2227 1358 2259 sequi
1385 2227 1502 2260 eognoxi
1521 2235 1554 2253 ex
1581 2226 1613 2252 iis
1632 2234 1702 2260 quae
1727 2234 1769 2253 me
1798 2231 1912 2260 rogante

260 2278 294 2304 de
314 2286 347 2304 eo
368 2278 461 2303 codice
482 2286 584 2304 mecum
605 2278 813 2303 communicarit
834 2278 865 2303 K.
885 2277 1093 2310 Zangemeister.
1118 2277 1189 2303 idem
1210 2277 1244 2303 de
1260 2276 1519 2303 Vindobonensibus
1540 2276 1680 2303 codicibus
1701 2280 1830 2310 quattuor
1849 2277 1913 2303 mihi

263 2328 393 2354 indicaiit
412 2328 528 2354 Ioannes
548 2327 666 2359 Vahleu3
688 2328 713 2353 in
732 2328 791 2353 aliis
810 2327 868 2360 ipse
887 2331 1014 2360 expeltus
1034 2335 1099 2353 suin.
