2075 2766
885 271 963 283 ΛΜΝ
1021 252 1045 298 9
1103 271 1144 284 W
1147 272 1182 279 ⁵-

205 392 304 424 videri
326 395 484 433 poterant,
517 396 623 424 tamen
645 395 771 433 propter
794 402 988 423 communem
1017 392 1205 432 reliquorum
1236 392 1385 423 librorum
1406 392 1584 423 dissensum
1616 403 1671 434 pro
1695 394 1864 434 suppositis

200 448 347 479 habenda
376 452 456 480 sunt.
499 448 559 480 hac
582 448 621 480 de
649 458 746 480 causa
767 448 861 488 igitur
884 448 930 478 ΠΙ
952 448 986 488 5,
1009 449 1029 480 4
1049 448 1248 479 scribendum
1278 452 1325 479 est
1354 451 1471 479 adstitit
1497 452 1538 485 ei,
1561 459 1623 480 non
1646 452 1762 480 adstitit
1791 453 1864 480 enim

202 508 248 540 ei,·
281 504 328 535 [H
351 506 406 545 11,
430 505 449 537 6
472 508 521 543 qui
542 515 620 536 nunc
639 515 671 535 se
696 507 890 543 philosophos
912 510 1034 544 vocant,
1065 514 1128 535 non
1157 514 1231 542 quos
1253 515 1332 535 nunc
1347 506 1543 543 philosophos
1566 512 1692 543 vocant,·
1722 506 1764 537 IV
1789 509 1821 545 1,
1844 507 1863 539 7

198 571 266 592 nam
289 564 441 599 continyet
461 563 588 601 hilares,
610 571 673 592 non
695 572 762 591 nam
784 563 896 591 hilares
918 566 1028 591 certum
1050 567 1111 597 est;
1140 560 1174 599 3,
1198 561 1218 591 4
1240 571 1327 598 quam
1350 563 1498 598 amantia,
1526 571 1587 592 non
1611 572 1700 600 quam
1721 565 1862 600 antiqua;

199 617 255 656 10,
280 618 298 648 1
321 620 434 648 contuli
463 628 527 648 cnm
558 619 667 656 peritis
694 620 785 656 iuris,
812 626 875 647 non
908 619 1018 647 contuli
1046 627 1111 647 cum
1135 618 1349 655 prudentibus;
1379 618 1432 656 11,
1455 617 1474 649 6
1505 619 1670 648 Corneliam
1704 620 1862 649 Vestalium

197 676 367 707 maximam,
391 683 453 704 nou
478 675 641 704 Corneliam
664 675 860 703 Maximillam
882 675 1022 703 Vestalem
1029 683 1040 708 ,·
1063 672 1104 703 ib.
1127 672 1146 704 9
1169 675 1199 703 in
1222 675 1296 703 illud
1315 676 1540 704 subterraneum
1565 676 1775 711 demitteretur,
1799 684 1862 705 non

199 731 229 759 in
254 732 328 759 illud
347 732 572 760 subterraneum
595 732 761 760 cubiculum
785 731 993 759 demitteretur.
1036 729 1148 768 quibus
1170 728 1257 768 locis,
1280 739 1319 760 ne
1342 729 1446 769 plures
1469 729 1609 760 eiusdem
1633 730 1757 770 generis
1779 740 1862 761 nuuc

197 794 393 825 enumerem,
425 785 457 816 in
486 795 524 817 ea
553 785 720 826 scriptura,
751 795 845 825 quam
866 785 968 825 priore
997 785 1064 816 loco
1086 784 1194 825 posui,
1231 785 1420 817 Dresdensis
1448 785 1548 817 codex
1578 796 1647 817 cum
1670 786 1810 817 Mediceo
1832 789 1863 817 et

202 841 353 872 Vaticano
376 841 572 873 consentiunt
594 845 701 872 contra
722 841 944 872 Florentinum.

325 897 427 929 Minus
450 897 575 938 quidem
597 897 636 928 ab
654 897 712 928 hac
726 900 814 937 parte
828 898 964 938 corrupti
986 900 1058 927 sunt
1069 896 1228 928 Mediceus
1246 900 1278 928 et
1291 897 1461 928 Vaticanus
1484 898 1593 929 codex.
1623 898 1679 929 sed
1700 901 1805 929 tamen
1822 908 1861 930 ne

200 952 257 984 hos
280 953 406 993 quidem
422 954 660 995 interpolatione
683 953 880 984 librariorum
891 962 1004 984 vacare
1027 953 1201 984 certissima
1222 952 1436 984 demonstrant
1459 954 1613 994 exempla,
1638 964 1766 994 quorum
1788 964 1861 995 pars

195 1018 235 1040 ex
263 1009 378 1049 glossis
408 1010 481 1041 olim
515 1009 556 1041 ad
586 1009 776 1050 explicanda
803 1009 962 1050 scriptoris
994 1009 1089 1040 verba
1121 1009 1288 1050 adscriptis
1318 1013 1393 1040 nata
1415 1013 1476 1049 est,
1511 1020 1584 1050 pars
1607 1010 1678 1041 inde
1702 1014 1768 1041 orta
1791 1020 1861 1042 esse

194 1065 331 1105 videtur,
355 1066 455 1106 quod,
479 1075 550 1097 cum
574 1065 605 1096 in
629 1075 666 1097 eo
681 1065 799 1105 codice,
823 1075 863 1096 ex
885 1075 945 1105 quo
960 1065 1119 1105 utriusque
1141 1065 1212 1096 libri
1229 1066 1434 1106 archetypum
1451 1066 1577 1097 ductum
1599 1069 1682 1106 erat,
1705 1066 1860 1107 quaedam

195 1122 401 1162 neglegenter
423 1122 540 1153 omissa
563 1125 669 1153 essent
692 1122 741 1153 vel
765 1122 942 1153 oblitterata
964 1122 1117 1161 scriptura
1144 1121 1221 1152 satis
1250 1125 1333 1153 certo
1356 1122 1419 1162 legi
1440 1132 1502 1153 non
1528 1125 1671 1162 possent,
1709 1132 1766 1153 sua
1788 1133 1859 1153 con-

193 1177 313 1209 iectura
334 1188 408 1209 usus
432 1182 479 1209 est
501 1178 656 1209 librarius.
700 1188 773 1208 nam
796 1187 835 1208 ex
858 1177 965 1209 codice
989 1177 1092 1217 aliquo
1109 1177 1246 1208 lacerato
1271 1178 1342 1209 illos
1364 1178 1459 1209 libros
1484 1179 1636 1219 originem
1660 1179 1789 1210 duxisse
1810 1179 1860 1210 vel

194 1233 327 1265 lacunae
345 1234 375 1265 in
393 1234 492 1275 primo
509 1238 539 1265 et
554 1234 644 1265 tertio
666 1234 867 1274 epistularum
885 1234 963 1265 libro
978 1233 1102 1264 defectu
1116 1233 1367 1265 membranarum
1381 1235 1482 1266 factae
1495 1234 1670 1266 ostendunt.
1700 1235 1859 1276 utriusque

194 1292 299 1321 autem
321 1290 446 1330 generis
467 1290 626 1321 luculenta
649 1290 795 1330 exempla
820 1293 890 1321 sunt
904 1289 993 1323 haee,
1017 1290 1048 1320 in
1070 1289 1182 1330 quibus
1205 1290 1392 1331 reliquorum
1415 1291 1563 1322 librorum
1581 1291 1742 1332 scriptura,
1766 1302 1859 1332 quam

196 1345 359 1387 adscripsi,
383 1346 460 1377 illud
473 1346 556 1386 quod
577 1346 642 1377 dixi
662 1346 816 1387 probabit,
840 1346 879 1386 Π,
904 1348 932 1386 l,
955 1347 974 1378 7
997 1349 1154 1385 exemplar
1171 1350 1236 1377 aevi
1255 1350 1370 1385 prioris
1385 1347 1457 1387 FD,
1481 1350 1635 1386 exemplar
1655 1351 1734 1378 vitae
1744 1351 1860 1387 prioris

194 1401 256 1432 MV
263 1415 270 1441 3
293 1402 321 1442 6,
344 1402 363 1434 3
386 1413 475 1440 quam
487 1405 728 1433 consuetudinem
750 1405 901 1440 sequeris?
925 1405 1028 1432 eadem
1051 1405 1186 1433 omnibus
1204 1413 1287 1441 pono
1301 1403 1327 1433 F
1328 1403 1366 1443 D,
1390 1414 1478 1441 quam
1496 1406 1735 1434 consuetudinem
1755 1414 1857 1443 seque-

193 1460 237 1488 ris
257 1461 402 1497 respondi
423 1461 526 1489 eadem
545 1461 680 1490 omnibus
692 1468 772 1497 pono
787 1458 847 1489 MV
854 1472 861 1497 ς
886 1459 941 1498 17,
965 1458 1004 1490 25
1028 1461 1120 1489 maris
1143 1461 1293 1489 vicinitate
1316 1465 1475 1498 corruptus
1496 1460 1567 1500 FD,
1597 1463 1690 1491 maris
1711 1463 1860 1491 vicinitate

193 1517 291 1544 salsus
301 1514 381 1550 DM;
404 1515 451 1545 ΠΙ
465 1515 515 1554 20,
529 1516 547 1547 5
569 1517 623 1545 sub
637 1525 695 1554 quo
712 1518 890 1545 militauerat
912 1514 976 1552 FD,
999 1516 1053 1544 sub
1067 1524 1124 1553 quo
1137 1517 1252 1552 leyatus
1266 1515 1338 1553 MV3
1363 1515 1406 1546 IV
1425 1516 1472 1555 13,
1490 1516 1510 1548 2
1531 1519 1560 1547 in
1570 1519 1629 1553 fine
1651 1519 1694 1552 (in
1714 1520 1800 1554 finem
1818 1516 1857 1556 F)

194 1572 341 1601 laxavero
370 1571 440 1611 FD,
475 1573 505 1601 in
529 1574 588 1608 fine
615 1574 800 1602 intermisero
829 1571 905 1607 ΜΨ,
950 1570 965 1601 Ι
986 1570 1026 1609 2,
1051 1572 1065 1601 1
1101 1573 1176 1601 nihii
1207 1576 1277 1601 ante
1303 1571 1377 1609 FD,
1405 1574 1480 1602 nihil
1509 1583 1647 1610 umquam
1667 1572 1741 1611 MV,
1774 1572 1815 1603 ib.
1837 1573 1857 1604 4

193 1635 252 1656 non
282 1632 379 1657 tamen
407 1631 524 1658 omnino
548 1630 646 1658 Marci
675 1630 770 1658 nostri
795 1629 907 1665 (nostri
929 1636 988 1657 om.
1012 1627 1054 1667 D)
1076 1627 1241 1668 ληκύθους
1260 1629 1409 1666 fuyimus,
1438 1631 1574 1666 quotiens
1597 1631 1722 1667 paulum
1754 1631 1857 1659 itinere

195 1683 340 1713 decedere
367 1693 427 1714 non
456 1687 663 1722 intempestivis
691 1685 922 1714 amoenitatibus
944 1685 1178 1713 admonebamur
1199 1683 1270 1723 FD,
1301 1694 1360 1714 non
1383 1690 1478 1714 tamen
1511 1687 1630 1715 omnino
1659 1687 1793 1715 marcino
1816 1687 1857 1715 ibi

198 1741 369 1775 (marcinos
391 1739 431 1779 V)
453 1741 608 1777 fuyiamus
638 1745 670 1770 ut
691 1743 780 1770 etiam
803 1742 927 1778 paulum
956 1742 1067 1769 itenere
1095 1741 1226 1770 cedendo
1256 1743 1462 1778 intempestivis
1491 1743 1718 1771 amoenitatibus
1739 1743 1856 1772 submo-

195 1803 295 1825 vemur
316 1795 376 1826 MV
385 1808 392 1833 3
415 1795 445 1825 Π
467 1797 522 1835 17,
551 1797 590 1828 17
614 1801 682 1826 ante
705 1799 956 1835 cryptoporticum
978 1801 1086 1834 xystus
1115 1798 1198 1826 violis
1228 1798 1389 1827 odoratus:
1433 1802 1561 1835 teporem
1591 1800 1662 1828 solis
1688 1798 1780 1833 infusi
1807 1806 1855 1827 re-

191 1859 335 1888 percussu
358 1855 602 1890 cryptoporticus
626 1857 730 1890 auyet,
755 1861 832 1890 quae
855 1858 886 1882 ut
908 1857 984 1881 tenet
1005 1854 1094 1882 solem
1116 1855 1160 1882 sic
1182 1855 1347 1890 aquilonem
1370 1855 1481 1883 inhibet
1500 1855 1704 1891 submovetque
1727 1853 1762 1893 F,
1786 1858 1855 1883 ante

195 1910 438 1945 cryptoporticus
461 1913 551 1946 auyet
573 1911 630 1939 610.
654 1907 699 1947 D,
732 1914 800 1938 ante
829 1911 1084 1947 cryptoporticum
1114 1918 1188 1938 area
1216 1918 1293 1946 quae
1316 1915 1346 1938 ut
1368 1928 1404 1931 —
1428 1911 1539 1939 inhibet
1568 1913 1757 1947 continetque
1778 1909 1852 1946 MV3

194 1961 240 1992 HI
261 1963 294 2002 1,
317 1963 336 1994 8
363 1966 438 1994 lotus
469 1966 598 1994 accubat
619 1964 690 2004 FD,
720 1966 779 1994 illic
806 1966 934 1994 accubat
960 1963 1034 2001 MV;
1064 1965 1099 2004 7,
1122 1965 1140 1996 7
1168 1967 1209 1994 acl
1237 1967 1401 1995 emacitatis
1432 1968 1689 2003 reprehensionem
1711 1965 1781 2005 FD,
1813 1967 1855 1996 ad

194 2020 324 2049 civitatis
348 2019 493 2058 (cantatis
515 2019 560 2059 M)
593 2022 849 2058 reprehensionem
872 2019 946 2058 MV;
975 2019 1016 2050 ib.
1041 2020 1081 2051 14
1103 2025 1182 2050 tanto
1205 2023 1298 2058 mayis
1319 2021 1390 2061 FD,
1423 2031 1456 2051 eo
1479 2024 1575 2059 mayis
1597 2021 1671 2059 MV3
1705 2021 1731 2052 V
1754 2021 1788 2061 3,
1813 2022 1850 2052 11

195 2079 282 2112 atque
311 2076 385 2106 haec
411 2078 454 2106 ita
481 2075 521 2115 F,
552 2080 641 2113 atque
670 2079 712 2106 ita
741 2076 786 2115 D,
818 2078 872 2106 sed
903 2077 980 2106 haec
1007 2078 1049 2105 ita
1075 2075 1120 2113 M;
1155 2076 1189 2116 6,
1213 2076 1252 2109 37
1281 2079 1443 2115 iunctisque
1470 2079 1600 2108 hiatibus
1628 2077 1702 2116 ΡΙ),
1733 2079 1851 2107 iunctis-

193 2139 250 2167 que
279 2133 418 2168 partibus
444 2131 489 2169 M3
522 2131 564 2162 ib.
586 2131 628 2163 40
660 2134 790 2162 inductis
818 2135 923 2168 fistulis
953 2138 1089 2169 strepunt
1115 2135 1172 2163 rivi
1199 2132 1239 2172 F,
1277 2135 1390 2163 inducti
1421 2139 1555 2172 strepunt
1587 2136 1644 2163 rivi
1672 2133 1716 2173 D,
1753 2135 1851 2163 dulces

193 2191 329 2224 strepunt
356 2190 413 2217 rivi
433 2187 476 2225 M,
499 2187 553 2218 ubi
575 2190 659 2218 recte
682 2187 827 2219 scribitur
848 2190 963 2218 inducti
983 2191 1095 2223 tistulis.
1140 2198 1179 2219 ex
1207 2188 1266 2219 hoc
1289 2198 1410 2228 quoque
1444 2199 1560 2229 genere
1591 2189 1688 2220 multa
1715 2188 1849 2220 editores

193 2240 383 2281 fefellerunt,
412 2243 610 2283 maximeque
633 2243 786 2283 Cortium,
817 2243 869 2283 qui
891 2243 1148 2275 inconsideratius
1180 2254 1276 2285 saepe
1298 2244 1473 2276 Mediceum
1495 2245 1635 2276 codicem
1656 2248 1780 2276 secutus
1803 2247 1850 2276 est

194 2299 224 2328 et
246 2297 324 2329 alios
346 2298 377 2328 in
400 2297 480 2329 hunc
504 2309 640 2330 errorem
662 2299 798 2339 induxit,
821 2302 855 2330 ut
876 2299 1094 2340 interpolatam
1115 2300 1198 2331 illius
1222 2300 1406 2341 scripturam
1427 2301 1613 2342 probarent,
1637 2301 1689 2331 ubi
1712 2300 1743 2331 id
1765 2300 1848 2341 quod

1515 2357 1534 2389 2
