2075 2766
853 281 931 295 ,Μ
994 263 1042 308 21
1100 283 1177 296 w„

177 405 262 441 facio
285 409 312 433 et
324 405 495 434 comoedias
518 403 545 432 l)
558 406 588 433 et
610 402 755 443 prinecps
767 401 871 441 editio,
892 403 975 437 facio
991 409 1019 433 el
1039 406 1083 432 ηιῖ
1103 404 1273 433 comoedias
1294 402 1340 432 M:
1363 412 1436 433 nam
1450 403 1494 434 ita
1517 413 1576 443 ego
1590 413 1629 433 ex
1643 403 1784 435 Medieeo
1797 415 1847 436 eo-

182 459 251 490 dice
274 459 437 497 adnotavi,
461 458 583 490 Cortius
608 458 639 488 in
663 468 700 488 eo
724 466 845 497 quoque
867 468 936 488 nam
958 464 987 488 et
1008 468 1077 489 esse
1101 458 1267 497 indicavit,
1298 458 1391 498 idque
1414 469 1453 490 ex
1476 459 1629 499 Pragensi
1652 459 1768 490 editum
1790 464 1847 492 est.

180 515 255 546 dicit
278 518 383 546 autem
405 514 524 545 Plinius
547 514 586 544 de
609 513 777 544 levioribus
801 513 928 552 studiis,
958 514 1070 554 quibus
1093 515 1281 553 delectetur,
1305 517 1335 545 et
1357 515 1489 555 primum
1512 525 1621 547 versus
1644 516 1745 556 ponit,
1770 527 1847 557 quos

180 572 248 612 ipse
270 571 379 610 faciat,
414 570 528 601 deinde
550 570 631 610 alia,
657 569 768 609 quibus
791 569 957 601 audiendis
981 571 1031 601 vel
1054 571 1240 611 spectandis
1263 571 1313 601 vel
1340 571 1501 611 legendis,
1533 572 1670 602 animum
1701 573 1847 605 remittat.

182 628 260 659 haee
282 627 377 667 igitur
399 626 583 667 interposita
606 637 674 656 nam
697 626 922 665 coniunctione,
947 627 1026 657 sieut
1048 627 1079 657 in
1102 627 1238 666 vulgatis
1261 630 1331 667 post
1346 627 1460 658 Aldum
1475 628 1705 668 exemplaribus
1729 630 1846 661 editum

181 687 244 723 est,
279 683 425 723 coniungi
449 693 510 713 11011
542 692 634 722 posse
659 682 799 722 adparet.
844 692 880 712 ae
912 692 951 713 ne
974 683 1120 713 librorum
1142 683 1267 722 quidem
1291 684 1351 714 fide
1384 693 1422 714 ea
1444 684 1597 724 scriptura
1630 685 1706 716 satis
1728 686 1847 717 munita

181 750 253 771 esse
276 740 409 771 videtur.
453 739 510 769 sed
532 742 697 779 praeterea
730 738 962 769 comoediarum
990 739 1104 770 mentio
1138 739 1208 770 huie
1240 740 1308 770 loeo
1336 750 1397 770 11011
1432 741 1584 771 convenit.
1629 751 1701 772 nam
1734 743 1845 773 necin

180 796 311 827 theatris
341 799 405 826 tum
438 805 508 826 eum
531 795 631 825 locum
655 794 837 825 obtinebant
869 795 1050 826 comoediae
1058 820 1065 835 ,
1099 799 1132 826 ut
1161 796 1192 826 111
1223 796 1457 826 remissionibus
1488 797 1582 827 animi
1611 799 1845 829 commemorari

181 855 324 893 possent,
355 862 413 882 nee
442 851 543 882 audiri
573 851 716 881 dicuntur
737 850 862 881 fabulae
892 851 922 881 in
944 861 1055 891 scena,
1084 852 1141 883 sed
1163 852 1307 892 spectari.
1352 852 1521 892 legendum
1553 854 1654 894 potius
1677 857 1845 893 comoedos,

181 918 258 949 quos
291 908 386 948 vulgo
415 911 478 938 tum
514 910 544 938 et
573 907 613 938 ab
645 907 713 947 ipso
738 906 837 937 Plinio
860 907 890 937 in
913 917 992 938 cena
1013 908 1137 939 auditos
1166 908 1262 939 fuisse
1296 909 1441 948 frequens
1472 919 1577 940 eorum
1605 910 1690 950 apud
1712 911 1845 943 Plinium

181 965 296 996 mentio
320 963 469 1003 ostendit,
494 963 507 993 I
532 964 578 999 15,
603 963 622 995 2
646 966 782 993 audisses
805 966 979 994 comoedos:
1002 964 1103 994 01:111
1127 965 1143 995 1
1168 966 1200 997 9:
1226 964 1251 994 V
1276 965 1329 1004 19,
1353 965 1386 1003 3ς
1411 965 1456 995 IX
1479 966 1527 1003 17,
1552 966 1586 997 3:
1610 967 1666 1006 36,
1689 968 1722 1005 43
1745 968 1794 1007 40,
1813 968 1841 1000 2.

180 1021 239 1051 hoe
261 1020 355 1060 igitur
378 1023 502 1060 recepto
525 1019 725 1050 scribendum
748 1019 871 1049 videtur
895 1021 978 1056 facio
1002 1030 1059 1050 uon
1081 1031 1238 1058 numquam
1268 1024 1429 1051 versiculos
1454 1032 1572 1052 severos
1596 1033 1720 1061 porum,
1750 1026 1846 1064 faciO,

181 1082 210 1107 et
230 1080 259 1107 in
281 1086 356 1107 cena
379 1078 537 1107 comoedos
560 1078 652 1106 audio
677 1075 725 1106 vel
748 1085 874 1116 prorsus
898 1076 1014 1106 omisso
1036 1087 1118 1115 nam,
1147 1076 1229 1117 quod
1251 1077 1282 1107 in
1305 1077 1463 1108 codicibus
1486 1081 1549 1117 est,
1584 1079 1616 1109 id
1638 1080 1721 1119 quod
1743 1081 1845 1119 magis

181 1132 393 1173 probaverim,
422 1135 522 1170 facio,
554 1137 582 1161 et
604 1134 762 1162 comoedos
785 1134 886 1162 audio.

304 1188 331 1219 V
347 1189 376 1228 6,
399 1190 437 1220 15
462 1190 577 1226 Mayna
598 1191 645 1218 sui
662 1194 754 1226 parte
773 1190 922 1218 meridiem
945 1194 1060 1226 spectat
1075 1191 1275 1227 aestivumque
1296 1192 1384 1219 solem
1407 1192 1445 1219 ol)
1467 1192 1544 1220 hora
1566 1198 1668 1230 sexta,
1690 1194 1844 1224 hibernum

182 1248 335 1283 aliquanto
359 1247 519 1283 maturius,
542 1247 630 1282 quasi
651 1247 757 1274 invitat
778 1246 808 1274 in
825 1247 975 1282 porticum
999 1247 1086 1275 latam
1109 1251 1137 1275 el
1155 1255 1213 1284 pro
1236 1247 1323 1276 modo
1345 1248 1476 1283 lonyccm.
1520 1247 1597 1278 situs
1621 1252 1651 1279 et
1673 1250 1845 1281 amoenitas

182 1301 276 1332 villae
299 1300 493 1332 describitur.
538 1300 634 1331 verba
656 1303 759 1331 autem
783 1300 837 1339 sic,
860 1303 893 1330 111
915 1300 1035 1341 scripsi,
1059 1304 1089 1331 et
1111 1301 1141 1331 in
1156 1301 1296 1341 plurimis
1314 1301 1473 1333 codicibus
1495 1303 1611 1344 scripta
1623 1307 1653 1335 et
1666 1305 1739 1335 olim
1762 1307 1846 1338 edita

181 1360 262 1389 sunt.
307 1357 429 1388 Cortius
453 1366 493 1387 ex
516 1356 657 1388 Medieeo
690 1356 797 1387 codiee
820 1356 917 1387 edidit
945 1359 973 1386 in
992 1360 1140 1395 porticum
1169 1360 1256 1387 lolam
1279 1363 1306 1388 et
1322 1362 1541 1398 prominulam,
1576 1361 1658 1400 quod
1681 1361 1781 1402 ipsum
1804 1374 1843 1395 ex

182 1413 293 1444 eodem
314 1413 421 1444 codice
443 1413 649 1444 adnotaverat
671 1413 865 1451 Catanaeus,
889 1412 982 1452 idque
1007 1412 1195 1443 recentiores
1220 1413 1354 1445 editores
1378 1419 1576 1455 receperunt,
1600 1419 1631 1447 et
1653 1427 1752 1458 nuper
1773 1429 1843 1459 pro-

181 1469 267 1500 bavit
288 1469 478 1500 Holsteinius
502 1469 541 1500 de
556 1469 634 1499 Plin.
657 1469 730 1499 min.
757 1468 833 1499 eloe.
857 1479 886 1509 p.
903 1468 952 1505 20,
976 1471 1009 1498 ut
1030 1469 1167 1508 porticus
1190 1469 1283 1501 villae
1306 1470 1454 1501 adiacens
1478 1474 1508 1502 et
1530 1472 1755 1512 aliquantulum
1777 1487 1846 1517 pro-

181 1525 301 1557 minens
324 1525 566 1565 intelkgeretrux
610 1525 640 1555 in
669 1535 729 1565 quo
752 1528 895 1555 naturam
926 1528 957 1555 et
979 1524 1071 1555 31111111
1095 1525 1231 1565 porticus
1254 1530 1337 1557 reete
1359 1526 1548 1567 descriptum
1571 1539 1641 1559 esse
1664 1540 1724 1560 non
1747 1541 1838 1570 nego,

181 1582 241 1613 nisi
264 1581 347 1622 quod
370 1581 447 1612 illud
469 1591 525 1612 nos
548 1581 614 1612 iure
637 1581 790 1620 offendat,
820 1580 903 1621 quod
925 1580 1087 1611 latitudine
1110 1581 1239 1612 laudata
1258 1592 1319 1613 non
1344 1583 1481 1614 indicata
1504 1587 1551 1615 est
1573 1585 1743 1625 longitudo.
1789 1587 1844 1617 sed

181 1638 220 1669 de
244 1638 368 1668 nomine
388 1641 586 1676 prominulus,
624 1637 707 1677 quod
737 1647 775 1667 ne
800 1637 942 1667 codicum
964 1637 1089 1676 quidem
1112 1638 1296 1669 auctoritate
1318 1639 1394 1669 satis
1418 1639 1611 1680 defenditur,
1643 1642 1845 1673 vehementer

181 1694 298 1725 dubito.
342 1704 416 1725 nam
438 1694 584 1734 exempla
613 1693 796 1734 scriptorum
820 1693 919 1723 Plinio
947 1693 1043 1723 multo
1066 1693 1261 1733 inferiorum,
1297 1695 1409 1734 quibus
1432 1706 1521 1726 usum
1545 1697 1689 1728 vocabuli
1711 1699 1844 1738 probare

182 1750 365 1781 studuerunt
389 1750 589 1790 interpretes,
614 1749 684 1780 Iulii
707 1749 873 1790 Capitolini
897 1749 949 1779 vit.
974 1749 1087 1779 Pertin.
1112 1760 1137 1780 0.
1166 1750 1218 1789 12,
1248 1751 1345 1781 &clini
1370 1761 1395 1782 c.
1418 1752 1458 1784 27
1481 1756 1511 1783 01
1533 1753 1587 1793 30,
1611 1753 1761 1785 Marciani
1786 1755 1843 1786 Ca-

183 1806 285 1846 pellae
308 1806 327 1836 1.
348 1806 393 1836 ΙΠ
417 1806 491 1845 261,
521 1806 571 1837 vel
593 1806 756 1845 Varronis,
786 1806 837 1845 qui
867 1805 1007 1835 similiter
1039 1805 1117 1836 dixit
1147 1809 1290 1836 eminulus
1318 1817 1376 1838 rer.
1400 1812 1473 1838 rust.
1498 1808 1526 1838 II
1549 1811 1583 1849 ξ),
1606 1810 1626 1841 8
1650 1813 1680 1840 01
1702 1810 1731 1840 Π
1753 1811 1790 1850 9,
1813 1812 1842 1850 4,

183 1871 283 1901 neque
310 1871 366 1902 per
388 1872 422 1893 30
445 1861 610 1901 sufficiunt,
634 1865 667 1893 ut
695 1862 777 1893 idem
806 1861 906 1892 Plinio
935 1861 1116 1901 tribuamus,
1146 1865 1177 1892 et
1197 1872 1314 1902 genere
1341 1863 1467 1895 diversa
1496 1869 1581 1905 sunt,
1615 1867 1760 1905 quoniam
1783 1867 1843 1898 ista

183 1917 287 1948 omnia
318 1918 357 1949 de
389 1918 529 1958 partibus
559 1918 696 1958 eorporis
731 1918 858 1958 paulum
890 1917 1135 1957 prominentibus
1169 1918 1252 1949 dicta
1284 1922 1364 1950 sunt.
1412 1930 1520 1951 verum
1552 1925 1655 1952 tamen
1684 1922 1715 1952 in
1744 1923 1844 1954 altera

183 1983 304 2013 quoque
327 1973 480 2014 scriptura
503 1974 647 2014 displicet
668 1984 725 2012 pro
747 1977 851 2011 modo,
883 1973 965 2013 quod
988 1984 1049 2004 non
1072 1974 1147 2005 satis
1169 1978 1252 2005 recte
1275 1975 1315 2005 ad
1339 1975 1438 2016 ipsam
1461 1977 1612 2017 porticum
1635 1978 1782 2019 refertur,
1812 1982 1843 2009 ut

185 2039 223 2061 ea
247 2040 301 2070 pro
325 2040 382 2061 sua
410 2030 572 2061 latitudine
608 2030 703 2070 longa
732 2040 802 2061 esse
833 2030 963 2060 dicatur.
1007 2029 1111 2069 itaque
1140 2024 1337 2061 scribendum
1369 2042 1439 2063 esse
1468 2036 1541 2073 puto
1564 2044 1623 2072 pro
1645 2037 1732 2065 modo
1755 2038 1841 2065 villae

184 2088 317 2123 lonqam3
340 2089 431 2126 atque
450 2086 534 2117 haud
552 2086 617 2117 seio
631 2096 671 2116 an
690 2086 747 2116 1100
764 2086 866 2126 11)311111
883 2086 977 2116 etiam
990 2090 1133 2126 corrupta
1147 2086 1279 2118 Medicei
1299 2088 1414 2119 codicis
1431 2089 1583 2129 scriptura
1601 2091 1841 2122 commendetur.

308 2141 334 2172 V
356 2142 388 2181 6,
411 2142 450 2174 21
474 2145 527 2173 Est
554 2145 583 2172 in
606 2144 666 2173 hac
697 2145 796 2172 diaeta
826 2145 1030 2172 dormitorium
1062 2145 1243 2182 cubiculum,
1281 2147 1362 2182 quod
1384 2146 1458 2174 diem
1486 2149 1642 2176 clamorem
1664 2157 1768 2177 sonum
1792 2158 1840 2177 ex-

185 2200 291 2237 cludit,
315 2200 471 2236 iunctaque
494 2201 520 2229 ei
542 2200 698 2228 cotidiana
713 2201 874 2228 amicorum
893 2201 1019 2237 cenatw,
1042 2209 1119 2236 quae
1133 2202 1264 2229 areolam
1285 2202 1371 2234 illam,
1391 2204 1538 2238 porlicum
1562 2205 1660 2241 aliam,
1683 2205 1843 2241 eademque

186 2257 283 2284 omnia
306 2264 382 2291 quae
401 2258 535 2292 porticus
556 2257 671 2293 aspicit.
716 2254 850 2285 Medieei
874 2253 991 2284 codicis
1014 2254 1091 2285 hae(¹
1115 2255 1268 2295 scriptura
1290 2259 1346 2295 est,
1370 2256 1429 2286 nisi
1452 2258 1534 2296 quod
1558 2264 1585 2287 el
1606 2268 1660 2298 pro
1683 2262 1709 2288 ei
1731 2259 1841 2289 habet:

185 2313 341 2348 iunctoque
364 2312 390 2340 el
411 2313 563 2341 colidiana
586 2314 807 2347 calamorumque
823 2314 939 2341 cenatio
962 2314 1093 2341 areolam
1116 2314 1193 2341 illum
1203 2315 1340 2349 porticus
1353 2315 1414 2343 alia
1436 2316 1597 2351 eademque
1619 2314 1659 2351 F,
1683 2317 1842 2352 iunctaque
