2075 2766
860 264 1045 309 ΜΗ)
1102 283 1181 297 w.

186 416 206 435 α
232 407 364 443 pueritia
387 403 587 435 scribendum
609 413 680 435 esse
709 403 851 434 coniecit.
895 403 953 434 sed
983 403 1166 434 auctoritate
1193 402 1342 434 librorum
1372 403 1474 443 magis
1504 402 1738 434 commendatur
1766 402 1850 442 quod

186 471 282 502 supra
312 459 440 500 scripsi,
476 463 616 498 parentis
650 463 715 490 loco
744 462 904 497 verereris,
937 469 982 490 me
1005 470 1024 490 α
1041 462 1184 498 pueritia.
1228 469 1301 490 nam
1329 468 1448 497 quoque
1474 459 1591 490 nullam
1619 458 1713 489 fidem
1745 458 1848 489 habet.

186 519 285 548 vereri
306 520 411 547 autem
434 515 545 547 eadem
568 515 797 555 significatione
820 525 882 556 qua
903 519 1033 547 revereri
1056 516 1084 556 (I
1106 515 1161 555 14,
1184 515 1220 553 3;
1253 515 1296 546 IV
1318 515 1373 554 15,
1396 515 1450 552 12;
1474 515 1517 546 VI
1539 515 1575 555 6,
1599 517 1632 552 43
1662 514 1720 545 VH
1742 515 1791 553 17,
1814 514 1848 552 9;

186 573 261 604 VIII
282 573 340 612 24,
363 573 412 611 3‘),
436 575 469 602 ut
491 575 575 603 esset
596 571 804 603 reverentiam
825 571 942 604 habere
963 572 1013 603 vel
1037 575 1117 602 ‘cum
1141 581 1263 602 summa
1284 571 1460 602 reverentia
1481 571 1621 611 diligere'
1646 570 1717 611 (VII
1733 572 1782 609 11,
1806 571 1849 609 3),

186 629 220 660 id
252 628 335 669 quod
363 638 403 659 ne
433 638 452 659 a
474 627 633 659 Ciceronis
667 627 792 668 quidem
823 638 965 659 sermone
1000 628 1137 659 alienum
1166 637 1236 658 esse
1268 630 1406 667 constat,
1446 627 1573 667 saepius
1609 627 1689 658 dixit
1711 626 1848 658 Plinius:

187 685 213 716 V
236 685 367 725 14ri5),
391 685 409 716 ὁ
432 694 498 715 cum
519 694 658 722 sequerer
680 687 907 721 utmaye'strum,
931 691 962 714 ut
981 690 1135 723 parentem
1149 693 1282 722 vererer,
1303 683 1441 723 VH123,
1465 683 1485 715 2
1507 686 1547 714 ita
1570 693 1614 714 me
1628 685 1783 721 diliqebat,
1807 685 1850 713 ita

188 744 366 778 verebatur,
394 746 426 770 ut
454 750 499 770 me
518 743 686 777 formatore
707 750 836 779 morum,
860 750 905 771 me
933 743 1020 778 quasi
1041 743 1181 778 mayistro
1209 746 1355 770 uteretur:
1385 739 1423 770 cf.
1446 739 1488 770 IV
1510 740 1560 780 25,
1585 740 1619 777 43
1654 739 1711 770 VH
1734 739 1790 777 25,
1813 739 1849 775 ὃς

188 797 262 829 VIII
284 797 341 837 23,
365 800 393 829 3.
423 796 506 827 idem
526 797 656 828 verbum
679 796 905 827 restituendum
928 796 1051 827 videtur
1073 796 1194 828 duobus
1216 795 1303 835 locis,
1326 795 1369 825 IV
1393 795 1445 835 12,
1469 795 1488 828 6
1511 801 1538 826 te
1560 805 1629 826 vero
1654 798 1850 826 Marcellinus

187 857 230 885 ita
252 859 385 891 veretur,
410 859 441 883 ut
463 855 574 883 iudicio
598 859 647 883 tuo
666 855 824 891 plurimum
846 855 976 892 tribuat,
1009 852 1063 884 ubi
1084 857 1237 883 reveretur
1259 862 1298 882 ex
1320 851 1380 882 MV
1402 852 1519 883 editum
1543 855 1607 891 est,
1640 862 1709 882 cum
1732 858 1849 882 veretur

187 910 375 950 reliquorum
398 908 539 939 codicum
561 909 744 940 auctoritate
767 908 979 949 confirmetur,
1010 912 1040 940 et
1065 909 1092 939 V
1114 909 1155 941 12
1177 909 1262 949 (13),
1287 909 1304 940 1
1329 911 1475 939 advocavi
1502 911 1632 947 aliquos,
1666 915 1697 938 ut
1723 918 1849 945 vererer,

182 976 313 1006 paucos,
337 971 369 996 ut
390 975 490 995 verum
507 967 650 1003 audirem,
674 965 725 996 ubi
749 974 901 995 revererer
923 965 1017 996 habet
1029 965 1070 1006 M,
1093 965 1149 996 sed
1170 975 1290 995 vererer
1303 964 1445 995 tueturD
1469 974 1538 995 cum
1561 964 1697 995 editione
1712 964 1851 1005 principe

190 1026 221 1053 et
244 1021 368 1052 Aldina.

312 1077 354 1108 IV
376 1077 425 1116 29,
448 1077 468 1109 2
491 1079 571 1108 Ecce
594 1078 725 1108 Licinius
744 1079 852 1116 Nepos,
873 1083 999 1116 praetor
1021 1087 1092 1108 acer
1108 1083 1135 1107 et
1155 1079 1254 1115 fortis,
1277 1080 1397 1107 multum
1418 1079 1495 1107 discit
1517 1079 1604 1106 etiam
1627 1080 1767 1108 senatori.
1790 1087 1850 1107 non

188 1138 257 1166 erat
281 1144 335 1164 cur
357 1133 397 1164 de
420 1133 481 1164 fide
505 1133 675 1164 Florentini
699 1133 815 1164 codicis
838 1133 1048 1173 dubitaretur,
1077 1133 1109 1164 in
1142 1143 1202 1173 quo
1225 1133 1332 1164 codice
1362 1137 1432 1173 post
1451 1134 1541 1169 fortis
1564 1132 1705 1163 additum
1728 1136 1776 1164 est
1797 1136 1850 1172 vir,

191 1200 260 1221 cum
284 1190 315 1220 in
338 1189 464 1229 reliquis
483 1189 631 1229 scriptum
655 1189 694 1219 sit
714 1196 840 1227 praetor
862 1200 934 1220 acer
956 1196 983 1219 et
1001 1192 1092 1225 sortis
1113 1196 1141 1220 et
1162 1195 1287 1228 praetor
1301 1195 1341 1226 (et
1359 1199 1491 1228 praecor
1503 1189 1554 1226 M).
1584 1189 1667 1229 quod
1689 1189 1786 1229 siquis
1808 1189 1852 1220 ita

188 1246 353 1285 defendat,
384 1248 418 1276 ut
439 1255 468 1276 v.
489 1251 616 1284 praetor
636 1255 753 1285 magna
782 1255 852 1276 cum
874 1245 903 1276 vi
928 1246 1092 1286 repetitum
1114 1255 1184 1277 esse
1207 1245 1300 1285 dicat,
1323 1248 1356 1276 ut
1371 1245 1507 1276 Licinius
1530 1245 1628 1276 iustas
1650 1245 1852 1285 magistratus

190 1302 237 1333 sui
259 1306 364 1342 partes
387 1302 492 1341 egisse
516 1301 652 1341 dicatur,
686 1302 712 1332 is
734 1301 847 1333 nimias
876 1302 1029 1341 quasdam
1052 1305 1082 1333 et
1104 1302 1154 1332 vel
1181 1302 1221 1332 ab
1244 1301 1304 1332 hoc
1326 1302 1476 1342 scriptore
1499 1302 1618 1332 alienas
1646 1301 1785 1341 argutias
1807 1302 1852 1332 in-

195 1358 284 1389 ferat.
329 1368 425 1398 quare
454 1362 538 1389 recte
565 1357 691 1398 quidem
714 1357 903 1398 Pomponius
926 1358 1041 1389 Laetus
1063 1357 1139 1388 illud
1163 1364 1190 1388 et
1207 1365 1351 1397 praetor,
1380 1357 1463 1397 quod
1485 1368 1525 1389 ex
1555 1358 1738 1398 repetitione
1766 1360 1850 1389 ante-

189 1414 331 1446 cedentis
354 1414 499 1445 vocabuli
522 1418 621 1445 ortum
649 1424 720 1445 esse
743 1414 883 1454 videtur,
919 1414 1043 1445 delevit.
1087 1424 1195 1445 verum
1218 1417 1323 1445 tamen
1350 1423 1389 1444 ne
1413 1424 1442 1444 v.
1473 1417 1518 1444 uir
1547 1414 1672 1454 quidem
1701 1414 1732 1444 in
1754 1414 1853 1454 suspi-

189 1471 311 1502 cionem
335 1470 510 1501 vocandum
533 1474 613 1509 erat,
637 1480 738 1510 neque
761 1471 855 1501 aliam
883 1470 1147 1509 emendationem,
1180 1470 1220 1501 de
1242 1480 1304 1509 qua
1327 1470 1459 1510 cogitari
1481 1471 1596 1510 possit,
1628 1471 1712 1501 velut
1735 1481 1807 1501 acer
1828 1476 1856 1501 et

189 1530 279 1565 fortis
302 1533 329 1557 et
351 1536 486 1564 severus,
517 1526 829 1566 circumspiciendam
853 1536 923 1559 esse
945 1530 1035 1567 puto,
1066 1526 1122 1557 sed
1144 1526 1369 1557 restituendam
1392 1530 1529 1557 veterem
1552 1527 1746 1567 scripturam,
1778 1529 1854 1558 Lici-

187 1586 254 1614 nius
276 1585 376 1621 Nepos
395 1589 535 1621 praetor,
558 1593 631 1613 acer
653 1589 680 1613 et
700 1585 790 1619 fortis
814 1586 873 1621 vir,
896 1586 1016 1613 multam
1039 1585 1125 1614 clia-it.

313 1639 356 1670 IV
377 1639 434 1678 30,
458 1640 476 1671 7
507 1643 554 1669 Αη
578 1649 655 1676 quae
677 1649 791 1670 oceano
817 1646 944 1680 natura,
975 1641 1052 1675 sonti
1080 1648 1213 1677 (litoque,
1252 1649 1371 1677 {sitaque
1398 1641 1446 1669 ille
1472 1641 1589 1669 ratione
1619 1644 1672 1668 aut
1708 1641 1854 1677 inpellitur

190 1702 242 1726 aut
276 1697 461 1731 resorbetur,
496 1697 555 1726 hac
583 1697 718 1726 modicus
749 1697 797 1726 hie
832 1706 916 1726 umor
949 1697 1061 1725 vicibus
1094 1698 1218 1725 alternis
1248 1698 1443 1733 supprimitur
1476 1698 1521 1725 vet
1553 1697 1701 1732 eyeritur?
1740 1694 1854 1725 descri-

190 1752 272 1783 bitur
304 1751 383 1782 mira
410 1754 521 1782 natura
550 1751 642 1782 fontis
676 1751 804 1783 alternis
836 1751 955 1782 vicibus
985 1751 1153 1782 crescentis
1183 1755 1214 1782 et
1243 1751 1462 1782 decrescentis.
1511 1751 1542 1782 in
1574 1751 1721 1782 extremis
1752 1755 1854 1782 autem

194 1808 355 1839 vocabulis
378 1808 557 1848 discrepant
586 1807 725 1845 codices,
758 1810 953 1846 supprimitur
978 1810 1023 1837 uel
1044 1811 1174 1845 eqeritur
1198 1808 1222 1838 F
1245 1811 1275 1839 et
1299 1807 1393 1839 editio
1415 1808 1577 1848 princeps,
1611 1809 1806 1846 supprimitur
1828 1813 1856 1837 et

191 1867 323 1902 egeritur
345 1864 388 1902 D,
410 1867 606 1903 supprimitur
628 1867 755 1901 eri-(fitur
776 1864 817 1903 M,
838 1866 1034 1902 supprimitur
1056 1867 1238 1902 eripiturque
1260 1864 1296 1894 V.
1321 1864 1462 1903 erigendi
1484 1864 1628 1903 verbum,
1662 1863 1743 1903 quod
1764 1873 1853 1903 prae-

191 1920 265 1951 bent
288 1920 362 1959 MV,
392 1930 429 1951 eo
451 1920 534 1960 quod
557 1920 733 1960 oppositum
757 1924 805 1951 est
826 1923 1019 1958 supprimitur
1041 1919 1167 1950 defendi
1190 1920 1312 1951 videtur
1334 1925 1365 1951 et
1387 1920 1540 1960 exemplis
1568 1920 1781 1950 confirmatum
1807 1923 1854 1950 est

194 1986 213 2007 a
236 1976 350 2007 Cortio.
394 1980 524 2014 eyeritur
546 1980 668 2016 tamen,
692 1986 747 2016 pro
770 1986 830 2016 quo
853 1978 1007 2013 effundere
1030 1976 1147 2015 antiqui
1170 1976 1331 2015 dixerunt,
1355 1986 1417 2006 non
1439 1976 1538 2007 solum
1562 1975 1703 2006 codicum
1725 1976 1750 2006 F
1773 1979 1803 2007 et
1826 1976 1852 2005 D

194 2041 366 2063 consensus
390 2032 603 2069 commendat,
633 2032 689 2063 sed
713 2036 816 2063 tuetur
839 2032 933 2063 etiam
955 2042 1029 2062 usus
1052 2032 1160 2071 Plinii,
1185 2032 1211 2062 V
1233 2032 1269 2071 6,
1294 2033 1333 2064 37
1353 2034 1424 2069 sons
1446 2036 1539 2070 eyerit
1561 2043 1667 2070 aqumn
1691 2038 1718 2062 et
1738 2034 1852 2070 recipit,

192 2087 266 2117 VIII
289 2088 344 2127 20,
368 2088 387 2120 9
411 2091 486 2119 idem
509 2092 590 2119 lacus
614 2092 642 2118 in
661 2091 770 2126 flumen
793 2091 934 2126 eglert'tur.

316 2143 342 2173 V
366 2145 398 2183 1,
423 2146 460 2175 11
484 2147 537 2174 Ille
559 2154 631 2182 erqo
656 2146 800 2175 Curianus
829 2147 956 2181 teyntuna
977 2146 1048 2174 milu'
1081 2147 1199 2182 reliquit
1221 2150 1248 2174 et
1267 2146 1381 2180 factum
1403 2154 1510 2179 meum,
1539 2147 1595 2174 nisi
1614 2146 1694 2180 forte
1716 2145 1853 2173 blandior

192 2202 279 2237 milei,
313 2203 464 2238 {uniquum
493 2203 617 2231 'norribili
638 2203 751 2230 honore
779 2203 916 2238 siqnavit.
957 2200 1091 2231 Curiano
1113 2210 1133 2231 a
1155 2204 1254 2231 matre
1284 2200 1475 2231 exheredato
1499 2200 1573 2231 olim
1607 2210 1641 2231 se
1663 2210 1718 2231 sua
1742 2202 1851 2239 sponte

192 2258 313 2296 partem
336 2256 532 2292 hereditatis,
556 2267 636 2296 quae
660 2256 718 2287 sibi
742 2256 936 2295 obvenisset,
967 2257 1116 2295 cessisse,
1150 2256 1242 2296 idque
1265 2256 1379 2287 factum
1402 2260 1512 2296 postea
1535 2257 1641 2296 legato
1664 2256 1722 2286 sibi
1745 2255 1851 2286 relicto

193 2311 233 2342 ab
262 2311 314 2342 illo
342 2316 483 2343 ornatum
514 2323 584 2343 esse,
607 2313 681 2343 dicit
704 2312 833 2343 Plinius.
878 2313 908 2343 in
937 2313 1012 2353 ipsis
1043 2313 1146 2343 verbis
1176 2317 1295 2347 autem,
1326 2322 1405 2352 quae
1429 2323 1522 2353 supra
1546 2313 1670 2353 scripsi,
1707 2312 1767 2342 iam
1790 2322 1851 2342 non
