2075 2766
852 282 930 295 -υωῆκ
989 264 1013 309 7
1072 284 1151 297 'VM‘—

169 388 252 419 vitiis
274 397 314 418 ex
336 387 428 418 solita
448 386 643 418 librariorum
666 386 869 426 neglegentia
890 387 964 417 ortis
987 387 1184 428 conspicitur,
1207 389 1292 420 velut
1316 390 1394 420 haec
1416 389 1447 420 in
1461 389 1602 421 Medieeo
1626 393 1657 421 et
1680 391 1830 423 Vaticano

171 443 279 475 codice
302 443 418 475 vitiose
441 443 557 484 scripta
580 445 665 482 sunt,
693 446 777 473 recte
806 443 837 473 in
858 442 1037 474 Florentino
1064 447 1094 474 et
1116 444 1303 485 Dresdensi,
1337 449 1370 476 ut
1392 445 1423 476 in
1451 445 1562 476 eodem
1583 450 1692 486 quarto
1715 448 1829 488 epistu-

170 500 269 531 larum
300 499 381 530 libro
410 499 594 538 subsistam,
624 498 667 529 IV
689 499 724 537 3,
747 499 766 530 5
802 502 931 529 instituto
961 509 1016 540 pro
1053 503 1198 537 insiliam
1239 500 1273 539 9,
1296 502 1314 532 1
1339 512 1358 531 a
1386 508 1490 532 senatu
1522 512 1577 542 pro
1609 504 1651 532 ad
1677 509 1829 541 senatum,-

170 556 210 587 ib.
236 556 274 588 16
300 559 360 587 iud.
385 558 492 586 landos
514 555 561 595 M,
584 557 765 585 iudicandos
784 554 810 585 V
832 565 887 595 pro
911 558 1025 586 iudices
1048 559 1180 593 clmzdos;
1207 557 1260 596 15,
1284 558 1301 588 1
1325 567 1364 588 ex
1386 561 1498 589 iudicio
1521 568 1576 598 pro
1599 566 1677 589 certe
1697 561 1809 591 iudicio
1817 571 1829 597 ;

170 612 223 652 19,
247 612 266 644 6
286 614 472 650 prelectione
494 620 549 651 pro
570 614 820 649 praeclicatione;
843 611 900 650 24,
925 612 943 643 5
966 618 1113 651 computes
1136 622 1191 652 pro
1207 623 1310 643 aevum
1327 620 1434 652 pules;
1458 614 1512 653 30,
1535 615 1553 645 5
1577 620 1630 644 aut
1652 625 1707 655 pro
1725 621 1829 654 prout.

169 668 264 699 multo
287 667 390 698 minor
413 670 460 698 est
482 677 588 698 eorum
611 667 754 697 vitiorum
777 676 940 707 numerus,
963 678 1042 707 quac
1067 669 1140 708 quia
1161 669 1335 709 antiquiore
1358 673 1496 710 tempore
1519 673 1587 700 orta
1608 674 1710 711 erant,
1735 675 1765 702 et
1787 671 1829 703 ad

170 724 383 755 Dresdensem
406 723 545 754 codicem
567 726 596 753 ct
619 722 659 753 ad
682 722 857 753 Mediceum
879 727 971 763 atque
995 724 1178 755 Vaticanum
1200 729 1376 765 propagata
1398 729 1469 757 sunt
1492 730 1523 757 et
1548 727 1637 757 unius
1660 727 1828 758 Florentini

167 791 226 821 ope
248 784 406 812 sanantur.
451 790 490 810 ex
509 789 568 819 quo
591 788 707 819 genere
730 782 801 809 sunt
823 779 914 819 haec,
939 780 968 809 H
992 780 1045 819 14,
1070 781 1090 812 4
1112 791 1167 811 nec
1188 783 1372 812 inducuntur
1385 782 1419 822 F,
1444 792 1498 813 nec
1520 785 1669 813 ducuntur
1682 783 1750 823 MV,
1774 794 1829 816 nec

168 839 337 868 inciduntur
351 837 393 874 D;
418 837 466 875 17,
491 835 530 867 ’12
547 838 696 873 prospicit
714 835 747 874 F,
768 837 902 873 possidet
923 836 1026 874 MVD3
1049 836 1094 866 III
1118 838 1161 876 14,
1185 838 1205 869 7
1225 841 1326 876 palma
1345 838 1379 878 F,
1400 842 1500 876 palam
1514 839 1584 878 Ml),
1604 842 1764 877 palamque
1784 840 1825 879 V;

168 893 225 933 IV,
250 894 304 933 Π,
327 892 346 925 9
374 899 404 922 ul
426 896 490 930 ipsa
514 892 555 932 F,
578 895 643 930 [psa
666 891 769 929 MVD;
797 892 853 931 22,
876 893 894 924 5
917 895 1075 923 luminibus
1099 895 1222 924 orbatus
1243 894 1283 934 F,
1309 897 1466 925 luminibus
1489 898 1578 925 orbus
1602 896 1648 934 Ι),
1671 900 1828 928 luminibus

170 955 274 988 euplus
296 949 370 986 MV;
395 948 451 988 27,
476 949 494 980 3
517 951 684 978 occurrerit
706 947 740 986 F,
764 951 899 978 occurrit
919 948 966 987 D,
997 955 1139 979 occurrat
1159 949 1235 987 MV;
1259 950 1285 981 V
1308 950 1342 990 6,
1365 951 1405 982 32
1428 954 1512 989 lonae
1535 954 1676 990 lonyequc
1698 953 1735 993 F,
1764 956 1824 984 lon-

167 1015 264 1043 (seque
286 1005 331 1045 D,
360 1008 450 1042 lonae
473 1008 589 1041 lateque
611 1004 678 1035 MV.
723 1004 780 1035 sed
803 1004 916 1035 certius
939 1005 1032 1035 etiam
1057 1005 1088 1035 in
1110 1005 1288 1037 Florentino
1313 1010 1343 1037 et
1366 1007 1528 1039 coniuncto
1552 1018 1621 1039 cum
1645 1019 1681 1040 eo
1701 1010 1824 1040 Riccar-

172 1061 265 1092 diano
296 1060 405 1092 codice
438 1060 603 1091 diversitas
632 1060 760 1099 originis
793 1060 864 1091 inde
895 1060 1040 1101 adparet,
1070 1061 1153 1101 quod
1186 1061 1218 1092 in
1240 1062 1491 1103 inscriptionibus
1523 1065 1725 1105 epistularum
1758 1076 1828 1097 cum

170 1117 329 1148 Mediceus
356 1120 387 1148 et
410 1116 598 1147 Dresdensis
621 1126 682 1146 uno
704 1116 828 1147 nomine
851 1116 1010 1156 appellare
1033 1117 1154 1148 soleant
1176 1128 1230 1148 eos
1254 1119 1294 1149 ad
1317 1129 1394 1159 quos
1419 1120 1572 1160 epistulae
1587 1121 1723 1162 scriptae
1745 1125 1826 1162 sunt,

168 1174 199 1204 in
220 1173 280 1204 illis
306 1183 402 1213 saepe
425 1173 487 1204 duo
511 1172 637 1203 nomina
661 1176 785 1203 servata
807 1176 887 1203 sunt.

296 1230 399 1269 Atque
424 1229 501 1260 haec
524 1228 562 1259 de
584 1229 697 1269 triplici
720 1229 861 1259 codicum
884 1229 979 1269 stirpe
1003 1228 1121 1260 dixisse
1146 1230 1293 1270 sufficiat,
1316 1231 1399 1262 unde
1424 1232 1482 1263 hoc
1505 1236 1647 1264 constare
1668 1234 1753 1274 volo,
1776 1234 1829 1265 ubi

169 1296 189 1316 a
211 1285 391 1316 Florentino
411 1285 519 1316 codiee
536 1285 695 1315 Mediceus
719 1288 749 1316 et
768 1285 936 1316 Vaticanus
959 1285 1154 1326 dissentiunt,
1177 1286 1358 1327 plerumque
1374 1298 1444 1319 eam
1459 1289 1644 1329 scripturam
1659 1290 1827 1330 genuinam

169 1352 259 1381 esse,
294 1342 325 1372 in
348 1352 409 1382 qua
432 1351 501 1372 cum
525 1341 673 1372 alterutro
696 1351 735 1372 ex
763 1341 825 1371 illis
848 1341 1035 1372 Dresdensis
1058 1342 1225 1383 consentit,
1260 1343 1414 1374 interdum
1437 1345 1536 1375 solum
1560 1345 1773 1377 Florentimun
1795 1347 1826 1378 id

171 1398 253 1438 quod
275 1407 381 1428 verum
405 1401 452 1428 est
464 1407 602 1436 servare,
627 1407 697 1428 raro
720 1400 773 1428 aut
787 1407 955 1438 numquam
977 1397 1059 1428 idem
1081 1399 1223 1429 accidere
1238 1409 1330 1440 posse
1354 1399 1385 1430 in
1407 1401 1533 1441 reliquis
1551 1402 1647 1433 libris.
1691 1406 1827 1434 ceterum

171 1455 281 1486 eadem
307 1464 418 1493 causa,
442 1463 521 1493 quae
546 1454 577 1484 in
600 1453 659 1484 hac
681 1456 769 1494 parte
792 1453 1009 1494 epistularum,
1033 1454 1072 1485 de
1094 1465 1156 1494 qua
1178 1455 1257 1495 dieo,
1280 1456 1404 1487 codices
1427 1457 1532 1497 quinto
1555 1458 1677 1489 decimo
1700 1459 1826 1490 saeculo

170 1511 301 1551 scriptos
324 1510 474 1550 corrupit,
504 1509 607 1541 effecit
639 1513 673 1539 ut
694 1512 833 1540 veterum
856 1509 1026 1541 editionum
1048 1520 1170 1551 quoque
1204 1511 1236 1542 in
1258 1511 1316 1542 hac
1338 1512 1464 1552 quidem
1496 1518 1585 1554 parte
1609 1515 1728 1546 incerta
1749 1516 1826 1547 tides

169 1567 217 1597 sit.
261 1577 333 1597 nam
362 1566 393 1597 in
415 1566 554 1606 principe
579 1565 714 1597 editione
742 1565 852 1597 eadem
875 1566 995 1597 ratione
1026 1569 1119 1606 atque
1148 1567 1178 1597 in
1201 1577 1294 1598 manu
1327 1569 1449 1609 scriptis
1474 1570 1560 1601 libris
1584 1571 1736 1611 scriptura
1758 1572 1826 1603 1010-

170 1622 284 1653 rentini
307 1622 423 1654 codicis
446 1632 515 1653 cum
537 1626 642 1653 vetere
665 1625 733 1653 octo
753 1622 900 1653 librorum
915 1622 1022 1653 codice
1045 1623 1142 1653 mixta
1165 1627 1220 1654 est.
1265 1624 1305 1655 ab
1328 1624 1386 1655 hac
1410 1630 1558 1665 quantum
1581 1627 1674 1658 distet
1686 1628 1827 1659 Romana

170 1678 356 1710 Schnreneri
379 1678 473 1709 editio
502 1678 576 1709 mihi
598 1689 658 1709 non
681 1681 816 1711 constat:
840 1678 896 1709 sed
919 1679 1016 1709 multa
1038 1679 1069 1709 in
1097 1689 1136 1710 ea
1158 1689 1197 1710 ex
1219 1684 1323 1711 vetere
1347 1681 1468 1722 codice,
1503 1692 1594 1722 quem
1618 1683 1717 1714 editor
1739 1684 1825 1715 adhi-

171 1734 248 1774 buit,
271 1738 390 1765 mutata
412 1744 481 1766 csse
494 1734 561 1765 veri
579 1734 677 1765 simile
695 1744 756 1765 non
779 1738 835 1774 est,
859 1738 1024 1775 propterea
1039 1735 1121 1775 quod
1133 1736 1210 1766 nihil
1228 1737 1294 1767 eius
1311 1738 1394 1768 modi
1409 1738 1449 1769 ad
1466 1739 1652 1779 posteriores
1676 1740 1827 1771 editiones

169 1794 376 1831 propagatum
400 1794 455 1821 est.
500 1793 611 1830 postea
633 1791 821 1831 Pomponius
845 1791 977 1829 Laetus,
1015 1791 1066 1830 qui
1089 1791 1257 1823 editionem
1276 1794 1449 1825 Romanam
1478 1805 1506 1825 a.
1533 1795 1613 1827 1490
1635 1795 1750 1826 factam
1773 1806 1824 1827 cu-

169 1847 267 1887 ravit,
301 1847 460 1887 inprimis
489 1850 632 1886 quattuor
654 1847 740 1877 libris
768 1847 865 1877 multa
894 1857 933 1878 ex
956 1847 1106 1879 Vaticano
1142 1848 1249 1879 codice
1277 1850 1420 1881 correxit.
1464 1861 1526 1890 (11111
1554 1861 1587 1882 rc
1618 1856 1717 1882 motus
1754 1852 1827 1883 olim

175 1902 198 1933 I.
221 1902 261 1933 M.
284 1902 499 1942 Heusingerus
523 1902 551 1933 ei
574 1902 701 1933 editioni
723 1913 871 1943 magnam
893 1903 1107 1934 auctoritatem
1137 1904 1252 1936 tribuit.
1297 1906 1352 1937 sed
1375 1906 1442 1947 ipso
1465 1907 1572 1938 codice
1594 1917 1654 1947 (1110
1678 1908 1729 1939 ille
1751 1918 1825 1940 usus

176 1961 222 1988 est
244 1962 366 1999 reperto
386 1959 502 1989 nullam
518 1958 580 1989 iam
594 1959 758 1989 utilitatem
774 1959 868 1990 habet
891 1959 995 1990 editio.
1028 1959 1161 2000 denique
1178 1961 1277 1992 Aldus
1301 1972 1369 1993 cum
1391 1973 1453 1993 non
1471 1973 1565 1994 unum
1580 1964 1665 1994 illum
1687 1964 1825 1995 codicem

171 2014 435 2054 antitpiissimum,
459 2025 551 2054 quem
568 2015 738 2055 praedicat,
762 2015 940 2053 adhiberet,
963 2015 1019 2046 sed
1034 2020 1158 2056 praeter
1179 2017 1259 2048 hunc
1283 2028 1339 2049 sex
1361 2019 1423 2050 alia
1445 2019 1602 2050 volumina
1624 2020 1825 2060 epistularum

171 2070 282 2110 partim
304 2080 397 2101 manu
421 2071 549 2111 scripta,
574 2071 686 2111 partim
709 2071 862 2112 impressa
884 2071 1023 2111 quidem,
1053 2072 1109 2103 sed
1131 2082 1199 2104 cum
1222 2074 1356 2114 antiquis
1379 2075 1492 2106 collata
1514 2076 1760 2116 exemplaribus,
1792 2079 1826 2107 ut

172 2126 292 2165 scribit,
325 2130 506 2167 usurparet,
536 2127 567 2157 in
591 2127 650 2157 hac
672 2127 866 2167 potissimum
889 2131 992 2168 parte,
1028 2138 1107 2168 quae
1134 2129 1229 2160 multo
1252 2131 1378 2170 saepius
1411 2141 1503 2171 quam
1526 2132 1643 2171 reliqua
1667 2132 1823 2172 descripta

172 2185 233 2221 est,
257 2192 351 2222 saepe
374 2183 495 2213 videtur
517 2183 705 2213 recentiores
729 2183 823 2214 libros
853 2187 976 2215 secutus
1006 2194 1084 2215 esse.
1128 2195 1201 2216 nam
1223 2189 1285 2216 tam
1308 2187 1404 2217 multa
1438 2187 1468 2218 in
1490 2187 1562 2218 Aldi
1592 2188 1726 2219 editione
1751 2198 1820 2219 cum

172 2238 351 2269 Florentino
385 2239 492 2270 codice
527 2239 735 2279 consentiunt,
773 2243 806 2270 ut
834 2243 887 2270 aut
916 2240 996 2271 hunc
1025 2244 1078 2271 aut
1105 2251 1231 2282 prorsus
1262 2242 1393 2273 similem
1423 2243 1561 2274 codicem
1592 2243 1632 2274 ad
1663 2244 1746 2274 illam
1768 2244 1821 2275 ad-

172 2293 303 2324 hibitum
326 2304 395 2325 esse
419 2295 578 2335 adpareat.
