2075 2766
868 282 946 295 „.
1005 263 1047 308 11

194 403 293 434 multa
317 403 357 434 de
380 403 439 434 1100
460 403 529 434 1000
552 402 790 443 disputaverunt
818 402 954 434 editores
977 405 1104 444 propter
1125 406 1263 434 veterem
1292 403 1466 444 scripturae
1488 403 1741 444 discrepantiam.
1785 415 1857 436 nam

194 460 226 491 in
240 460 300 490 MV
323 459 439 490 omisso
462 458 552 489 Calvi
574 458 698 490 nomine
721 459 801 490 haec
824 459 868 490 ita
889 459 1007 499 scripta
1029 462 1116 499 sunt,
1140 462 1283 498 temptaui
1305 463 1379 490 enim
1401 462 1512 490 imitari
1535 462 1721 491 demostenen
1743 470 1859 500 semper

193 521 275 546 tuum
297 526 391 554 nuper
414 525 507 545 meum
524 518 685 546 dumtaxat
703 518 810 553 fiquris
826 518 923 546 multis
943 525 1014 546 num
1035 519 1093 546 uim
1116 521 1226 546 tantam
1249 519 1382 546 uirorum
1400 519 1498 554 pauci
1515 526 1589 554 quos
1612 526 1724 554 aequus
1745 521 1860 548 {anuuit

194 575 247 611 qui
263 577 399 611 possunt.
429 581 524 612 quare
547 571 687 611 plerique
704 571 793 602 Calvi
806 581 920 602 11011101]
937 571 1106 602 11181110111111
1129 581 1199 602 0880
1218 575 1405 611 putaverunt
1426 572 1519 612 idque
1541 582 1580 603 110
1603 576 1710 613 aptum
1733 573 1858 613 quidem

195 638 266 660 esse
288 628 482 667 argumentis
506 627 640 668 probare
662 627 856 658 studuerunt.
900 627 1023 659 Coi-tius
1049 627 1177 667 quidem
1205 627 1237 658 in
1260 627 1319 658 hae
1341 628 1542 668 acquieverat
1564 629 1726 669 scriptura,
1750 633 1859 661 tentam·

193 687 268 715 enim
296 687 408 714 imitari
431 686 642 714 Demosthenen
669 694 784 722 semper
807 689 902 722 tuum,
934 693 1030 722 nuper
1059 694 1168 721 meum,
1197 686 1304 721 fiqurt's
1333 686 1484 715 duntaxat
1514 687 1668 716 orationis.
1712 696 1780 716 nam
1802 690 1859 717 m'm

194 746 308 772 tantam
330 743 487 771 verborum
512 742 686 778 (verborum
715 739 859 771 ediderat
881 740 1071 780 Pomponius
1094 739 1224 779 Laetus)
1251 743 1346 778 pauci
1372 751 1446 779 quos
1474 750 1588 778 aequus
1618 744 1743 781 amauit,
1776 745 1861 780 sequi

191 802 335 837 possunt,
371 806 453 836 quae
475 796 544 837 ipsa
565 806 664 836 nuper
694 796 790 835 longa
822 795 1035 836 disputatione
1064 795 1205 827 defendit
1226 795 1249 826 I.
1274 796 1433 827 Geislerus
1462 796 1574 828 Philol.
1597 807 1625 827 v.
1649 797 1711 828 XII
1735 808 1764 838 p.
1787 798 1857 831 316.

195 853 253 885 sed
275 856 308 884 ut
330 863 386 893 per
408 863 443 884 80
465 852 517 883 vix
540 851 702 892 probabile
728 855 775 883 est
797 851 887 882 Calvi
910 862 1024 883 nomen
1046 855 1158 892 postea
1186 851 1327 883 additum
1349 862 1421 883 esse
1443 853 1475 883 in
1497 852 1536 883 iis
1558 852 1684 892 quidem
1705 853 1807 893 libris,
1840 864 1860 886 a

193 909 305 950 quibus
334 912 399 940 tam
427 908 519 939 docta
548 908 745 948 interpolatio
773 908 877 939 aliena
909 911 972 947 081,
1006 908 1050 939 1111
1079 908 1206 939 0111111110
1234 908 1301 939 11011
1328 918 1390 939 non
1419 912 1536 949 potest,
1570 912 1604 939 ut
1625 909 1707 949 quod
1730 910 1755 940 F
1777 913 1807 941 et
1829 910 1858 941 D

192 968 334 1005 tuentur,
358 965 419 995 MV
441 964 585 995 omittunt
606 964 645 995 ab
668 964 889 1005 interpolatore
913 964 1055 995 additum
1078 964 1131 1001 sit,
1155 964 1212 995 sed
1234 964 1336 1005 potius
1359 964 1501 996 Medieeo
1524 968 1554 996 01
1575 965 1727 996 Vaticano
1750 966 1858 997 vitium

193 1021 395 1053 tribuendum
418 1024 480 1060 est,
503 1020 688 1061 praesertim
709 1030 779 1051 011111
801 1020 1007 1060 1110110111111111
1029 1030 1135 1051 eorum
1157 1020 1271 1051 lacuna
1292 1021 1543 1052 membranarum
1565 1021 1615 1052 vel
1638 1021 1762 1053 defectu
1784 1022 1858 1053 8011-

193 1081 303 1119 pturae
325 1077 356 1108 in
380 1076 467 1107 initio
497 1076 569 1107 libri
598 1079 775 1117 corruptum
798 1076 896 1107 fuisse
928 1076 1050 1116 reliqua
1071 1076 1165 1107 etiam
1187 1077 1359 1117 scripturae
1387 1077 1463 1108 vitia
1491 1077 1632 1117 probent.
1677 1088 1777 1118 neque
1800 1082 1857 1118 081,

196 1144 251 1165 eur
273 1144 311 1165 ea
333 1143 414 1173 quae
438 1132 581 1163 codictun
604 1132 789 1163 auctoritate
811 1135 878 1163 tuta
901 1136 972 1163 sunt
994 1132 1052 1163 hoc
1075 1133 1143 1163 1000
1166 1136 1361 1173 spernantur.
1405 1143 1479 1167 nam
1501 1143 1559 1164 nec
1582 1134 1648 1165 iure
1671 1144 1858 1174 quemquam

196 1190 335 1221 offendat
356 1189 491 1221 Plinium
514 1198 641 1229 operam
664 1188 791 1219 dedisse
814 1188 926 1225 Calvo,
950 1188 991 1219 ad
1015 1199 1106 1229 quem
1129 1189 1199 1229 ipsa
1221 1189 1393 1220 imitatione
1410 1189 1631 1221 Demosthenis
1654 1189 1764 1221 ductus
1787 1200 1858 1222 esse

194 1244 327 1284 videtur,
350 1254 453 1285 neque
475 1244 641 1285 displicere
664 1244 772 1285 debet,
795 1244 879 1285 quod
900 1244 944 1275 ita
967 1245 1028 1275 duo
1051 1248 1189 1276 oratores
1213 1245 1292 1276 inter
1320 1255 1354 1276 se
1377 1245 1511 1286 oppositi
1534 1249 1619 1286 sunt,
1643 1248 1857 1277 Demosthenen

193 1310 309 1339 semper
331 1306 420 1339 tuum,
447 1304 568 1332 Caluum
590 1311 684 1340 nuper
705 1311 812 1331 meum:
846 1300 965 1332 Plinius
987 1301 1084 1341 enim,
1109 1311 1179 1332 cum
1196 1301 1440 1332 Demosthenem
1463 1301 1589 1342 quidem
1611 1302 1744 1333 Arriano
1766 1302 1858 1334 valde

193 1357 359 1397 probatum
376 1367 446 1388 esse
463 1357 565 1396 sciret,
589 1357 630 1388 ad
642 1357 772 1388 Calvum
787 1357 854 1397 ipse
875 1360 940 1388 tum
956 1357 1089 1398 primum
1102 1357 1238 1388 studium
1259 1357 1463 1389 convertisset
1476 1367 1577 1398 neque
1599 1362 1781 1399 conpertum
1804 1358 1858 1390 ha-

194 1412 291 1453 beret,
308 1416 341 1444 ut
353 1413 484 1453 videtur,
501 1413 576 1453 quid
593 1413 633 1444 de
645 1423 681 1444 eo
695 1413 845 1444 Arrianus
860 1413 1021 1453 iudicaret,
1038 1416 1128 1453 grato
1143 1413 1279 1453 quodam
1293 1414 1443 1445 sermonis
1457 1414 1587 1445 artificio
1600 1424 1674 1445 usus
1688 1415 1732 1445 ita
1744 1418 1858 1445 utrum-

195 1478 256 1509 que
273 1469 442 1509 coniunxit,
466 1473 499 1500 ut
521 1469 652 1500 alterum
675 1469 776 1500 amico
793 1478 917 1510 semper
931 1479 1037 1500 carum
1052 1469 1159 1509 fuisse,
1182 1469 1314 1501 alterum
1328 1479 1427 1510 nuper
1448 1470 1509 1501 sibi
1531 1480 1637 1501 earum
1651 1470 1767 1501 factum
1789 1480 1860 1502 esse

195 1524 322 1557 diceret.
354 1528 492 1557 ceterum
509 1527 718 1556 Demosthenen
733 1525 843 1565 scripsi
857 1528 1051 1557 constantem
1067 1525 1159 1556 Plinii
1172 1535 1261 1556 usum
1277 1526 1308 1556 in
1322 1526 1451 1557 Graecis
1472 1526 1650 1558 nominibus
1673 1527 1858 1567 optimorum

197 1581 339 1613 codicum
353 1582 538 1613 auctoritate
554 1581 710 1612 firmatum
724 1584 864 1613 secutus:
886 1582 900 1611 I
917 1581 971 1621 10,
995 1582 1036 1613 10
1050 1584 1240 1620 Euphratem·
1265 1582 1313 1622 15,
1336 1583 1356 1614 2
1377 1585 1514 1622 lyristen;
1536 1583 1591 1623 20,
1614 1584 1634 1614 4
1648 1585 1859 1614 Demosthenen

198 1641 368 1669 Aeschinen
391 1641 563 1677 Hyperiden
570 1649 581 1674 ;
604 1638 645 1668 ib.
662 1639 700 1670 17
724 1640 878 1673 Periclem
901 1637 947 1668 ΠΙ
972 1638 998 1677 T,
1022 1639 1061 1670 13
1085 1640 1226 1677 Xerxen,
1248 1638 1290 1669 IV
1312 1638 1341 1679 3,
1364 1639 1386 1670 4
1408 1641 1563 1677 Herotlen3
1585 1639 1614 1679 5,
1638 1639 1656 1670 1
1679 1641 1857 1676 Aeschinem

194 1694 233 1734 9,
256 1695 275 1726 5
302 1696 517 1733 Theophanem
546 1694 589 1725 VI
612 1694 646 1734 6,
670 1694 696 1733 31
717 1696 857 1731 Nicaea,-
888 1693 928 1724 ad
955 1693 1039 1724 Trai.
1063 1695 1081 1726 5
1105 1694 1167 1734 (8),
1197 1697 1207 1725 1
1240 1697 1424 1733 icttralipten3
1458 1704 1573 1735 paneg.
1597 1695 1636 1726 14
1663 1697 1837 1734 Euphraten
1846 1706 1857 1731 ;

195 1749 270 1781 item
291 1750 333 1781 ad
353 1751 437 1781 Trai.
461 1751 480 1783 ξ’)
503 1751 565 1791 (4),
588 1750 609 1782 2
636 1752 840 1790 Thermuthin3
864 1749 905 1781 10
927 1751 989 1790 (5,),
1014 1751 1031 1781 1
1055 1752 1236 1789 Harpocran
1244 1762 1255 1787 ,·
1279 1751 1336 1781 sed
1359 1753 1534 1790 Lycormam
1557 1751 1599 1782 ad
1619 1751 1703 1782 Trai.
1728 1751 1766 1783 63
1790 1751 1858 1792 (13)

195 1806 287 1839 0167
312 1807 390 1848 (15).
412 1825 453 1829 —
496 1806 651 1843 Quoniam
681 1816 794 1837 nomen
826 1806 858 1836 in
882 1805 942 1836 MV
974 1805 1121 1837 omissum
1151 1806 1294 1847 defendi,
1327 1806 1443 1838 addam
1472 1807 1522 1838 hie
1554 1807 1659 1838 statim
1681 1806 1859 1847 exemplum

194 1862 328 1893 nominis
351 1863 383 1893 in
404 1862 517 1894 iisdem
538 1862 625 1893 libris
648 1862 728 1893 falso
751 1862 868 1902 additi,
892 1862 918 1893 V
940 1863 977 1902 3,
1001 1862 1019 1893 5
1047 1864 1102 1892 sed
1123 1873 1177 1900 eqo
1201 1873 1320 1902 verear,
1350 1873 1388 1893 ne
1409 1874 1453 1894 me
1473 1873 1534 1894 non
1556 1867 1630 1894 satis
1652 1865 1757 1893 decent
1778 1865 1861 1901 quod

198 1919 297 1949 decuit
326 1921 368 1949 M.
396 1921 527 1955 Tullium,
553 1920 580 1950 C.
607 1920 735 1958 Calvum,
760 1921 894 1949 Asinium
917 1921 1084 1953 Polionem,
1110 1921 1150 1949 M.
1173 1921 1350 1957 Messalam,
1375 1923 1407 1956 Q.
1431 1921 1632 1957 Hortensium,
1656 1921 1696 1949 M.
1720 1921 1856 1957 Brutum,

196 1975 231 2004 L.
254 1976 380 2012 Sullam,
415 1977 443 2011 Ol
471 1978 621 2014 Catulum,
658 1976 687 2011 Q.
718 1978 910 2014 scaevolam,
945 1977 1080 2005 Seruium
1109 1977 1284 2014 Sulpicium,
1323 1977 1502 2015 Varronem,
1540 1978 1741 2014 Torquatum,
1770 1978 1855 2006 immo

200 2031 384 2070 Torquatos,
419 2033 446 2061 C.
471 2033 653 2070 Memmium,
691 2032 843 2061 Lentulum
872 2033 1071 2068 Gaetulicum,
1105 2035 1262 2062 Annaeum
1292 2033 1451 2071 Senecam,
1485 2034 1639 2062 Lucanum
1666 2037 1693 2062 et
1718 2034 1857 2070 pron-ime

203 2087 373 2124 Veryinz'um
396 2089 516 2124 Rufum.
562 2087 680 2118 Lucani
702 2097 815 2118 nomen
838 2087 869 2117 in
892 2087 964 2126 FD,
993 2087 1067 2117 item
1090 2087 1121 2117 in
1142 2088 1283 2128 principe
1305 2087 1442 2119 editione
1465 2090 1495 2119 et
1516 2088 1548 2118 in
1570 2087 1686 2118 Aldina
1707 2088 1857 2119 omissum

197 2142 288 2173 unius
311 2142 445 2174 Medicei
460 2143 643 2174 auctoritate
666 2143 787 2174 nititur:
810 2153 882 2174 1111111
904 2143 943 2174 (10
966 2143 1024 2173 1100
1046 2143 1162 2174 fallitur
1175 2144 1306 2175 Cortius.
1336 2147 1500 2184 praeterea
1520 2143 1552 2174 in
1575 2143 1729 2184 excerptis
1748 2143 1855 2174 Brum-

197 2198 275 2229 meri
297 2199 381 2239 apud
396 2199 533 2231 Cortium
556 2200 662 2231 1108010
685 2209 747 2240 qua
764 2200 948 2230 auctoritate
972 2199 1136 2231 exhibetur
1153 2202 1305 2231 Lucanum
1329 2203 1359 2231 et
1381 2200 1412 2230 in
1424 2199 1587 2240 Pomponii
1608 2200 1697 2231 Laeti
1719 2199 1855 2231 editione

197 2254 312 2295 legitur
335 2261 362 2286 et
384 2258 547 2292 Lucanum,
570 2256 653 2296 quod
675 2259 786 2296 postea
807 2255 948 2295 plerique
962 2255 1181 2296 probaverunt.
1211 2256 1318 2296 inepta
1340 2259 1444 2287 autem
1467 2259 1515 2287 est
1536 2259 1648 2296 poetae
1671 2255 1855 2286 nobilissimi

197 2311 314 2343 mentio
336 2312 416 2343 inter
443 2321 497 2344 eos
525 2312 627 2352 viros,
661 2312 713 2351 qui
734 2311 805 2343 aliis
833 2312 926 2343 rebus
957 2311 1107 2343 maiorem
1135 2312 1259 2343 laudem
1294 2322 1387 2352 quam
1409 2312 1598 2343 carminibus
1624 2311 1729 2352 adepti
1758 2314 1854 2343 erant.

1478 2368 1523 2390 024.
