2080 2771
889 297 967 310 ΝΜ
1025 278 1073 323 12
1130 298 1208 311 w,

219 420 357 451 sensisse
388 419 446 450 hoc
490 419 611 450 videtur
639 418 813 458 Gierigius,
850 418 903 458 qui
924 419 1069 448 Lucilium
1098 416 1297 448 scribendum
1328 425 1399 447 esse
1421 417 1567 458 coniecit,
1598 418 1682 458 quod
1710 417 1749 449 de
1778 418 1878 450 amico

219 476 359 507 Senecae
389 475 530 515 intellegi
552 474 657 506 voluit.
701 474 758 506 sed
787 485 827 505 ne
859 474 1008 505 librorum
1037 473 1163 514 quidem
1185 473 1370 504 auctoritate
1399 474 1475 505 satis
1499 475 1733 505 commendatur
1754 484 1876 506 nomen.

219 542 315 573 quare
337 531 413 562 illud
436 542 475 562 ex
497 531 606 571 glossa
627 531 700 561 olim
722 530 763 562 ad
787 534 940 560 Annaeum
963 532 1105 561 Senecam
1127 528 1287 569 adscripta
1308 531 1416 559 natum
1437 539 1507 561 esse
1530 530 1684 562 existimo.

340 588 355 618 Ι
376 589 409 626 5,
435 587 473 619 12
496 589 649 625 Respondi
675 597 756 617 nunc
777 596 822 617 me
843 589 1009 624 intelleyere
1031 588 1159 623 malique
1184 587 1310 622 dictum,
1330 588 1401 623 quia
1424 589 1487 624 ipse
1509 590 1715 624 conficerem&
1749 592 1876 617 ceterum

214 647 349 684 potuisse
375 645 570 680 honorificum
603 645 776 673 existimari.
826 652 865 673 ex
896 642 921 672 F
948 645 978 673 et
1005 641 1211 672 Riceardiano
1246 640 1354 672 codice
1388 642 1586 673 scribendum
1616 645 1664 674 est
1693 645 1874 680 existimare,

217 700 359 741 quamvis
390 700 551 739 vulgatam
580 698 611 729 in
639 698 780 729 omnibus
811 698 1042 739 exemplaribus
1073 697 1258 738 scripturam
1294 700 1460 728 existimari
1488 701 1632 730 tueantur
1659 698 1758 729 MVD.
1802 709 1875 729 nam

218 757 318 797 ipsius
342 756 433 786 Plinii
456 755 648 796 opinionem,
676 764 737 785 11011
760 754 931 793 hominum,
955 753 1085 784 indicari
1107 753 1275 784 ostendunt
1296 763 1334 784 ea
1356 763 1436 793 quae
1458 756 1642 794 sequuntur,
1665 755 1777 794 quibus
1801 755 1875 795 quid

217 812 277 843 sibi
299 812 330 842 in
353 811 529 852 eloquentia
546 810 738 850 sequendum
755 810 951 850 proposuerit
972 813 1091 849 narrat,
1116 816 1158 840 est
1179 813 1262 847 enim,
1285 813 1417 849 inquam,
1439 812 1510 840 mihi
1532 820 1595 840 cum
1609 812 1751 841 Cicerone
1773 821 1871 842 aemu-

216 871 288 899 latio
312 871 369 899 etc.
414 877 514 907 neque
543 867 622 897 solet
644 866 762 897 Plinius
785 866 816 897 in
844 866 959 897 talibus
983 866 1112 897 formam
1135 865 1284 897 orationis
1307 869 1443 905 mutare,
1473 865 1529 897 sed
1558 866 1759 898 insolentiore
1781 866 1877 898 etiam

216 924 308 955 modo
330 933 501 964 pronomen
523 932 618 963 saepe
641 922 767 953 omittit:
796 922 834 953 cf.
858 922 884 952 V
906 922 940 961 S,
965 924 997 960 ‘13
1027 922 1066 954 13
1089 923 1173 962 (14),
1196 922 1232 961 23
1256 921 1298 952 VI
1321 922 1375 962 28,
1400 922 1435 960 23
1457 921 1513 961 29,
1537 923 1569 961 13
1599 922 1657 953 VH
1682 923 1714 963 1,
1737 922 1774 961 33
1802 923 1876 954 VHI

215 980 250 1020 6,
273 980 325 1019 1ος
349 979 389 1011 ad
411 979 494 1010 Trai.
518 980 557 1011 47
581 979 665 1019 (56),
696 980 718 1009 l.

336 1036 350 1066 I
372 1036 405 1075 8,
435 1037 469 1068 17
498 1037 609 1065 Vereor
638 1045 708 1072 erqo
734 1040 764 1064 ut
790 1036 829 1064 sit
850 1037 925 1063 satis
946 1043 1127 1072 conqruens,
1156 1043 1221 1064 cum
1244 1036 1273 1064 in
1298 1035 1423 1064 dicendo
1456 1036 1690 1064 adsentationem
1717 1037 1797 1072 vulqz‘
1819 1037 1872 1065 ad-

215 1095 477 1130 clamationemque
506 1093 685 1129 delituerint,
714 1100 792 1121 nunc
814 1092 915 1120 eadem
937 1093 986 1120 illa
1009 1092 1136 1120 editione
1156 1093 1282 1128 sectari,
1312 1100 1435 1128 cumque
1452 1093 1568 1129 plebem
1590 1093 1699 1130 ipsam,
1733 1093 1782 1121 cztz'
1805 1101 1874 1122 con-

213 1151 378 1187 sulebatur,
409 1151 506 1178 limine
528 1150 631 1178 curiae
657 1148 883 1186 parietibusque
905 1149 1108 1182 discreverim,
1143 1156 1179 1176 ne
1201 1156 1290 1183 quam
1312 1149 1341 1176 in
1365 1148 1492 1184 speciem
1514 1149 1684 1176 ambitionis
1705 1149 1874 1185 inciderem,

213 1215 293 1235 nunc
314 1214 361 1234 eos
386 1207 486 1244 etiam,
511 1206 552 1233 ad
573 1213 647 1241 quos
670 1213 708 1233 ex
730 1212 849 1232 munere
870 1208 972 1232 nostro
995 1205 1070 1232 nihil
1085 1206 1214 1240 pertinet
1232 1208 1355 1241 praeter
1376 1205 1550 1241 exemplum,
1572 1206 1648 1232 velut
1671 1204 1759 1233 obvia
1781 1210 1875 1233 osten-

212 1264 324 1292 tatione
346 1263 530 1298 conquirere.
561 1259 678 1290 incerta
700 1258 761 1289 fide
784 1258 890 1289 nititur
912 1260 999 1288 obvio
1015 1261 1220 1294 ostentatione,
1243 1258 1326 1298 quod
1343 1268 1382 1289 ex
1404 1258 1430 1288 F
1453 1257 1494 1289 ad
1516 1258 1684 1289 editionem
1702 1258 1876 1299 principem

214 1320 244 1348 et
266 1316 413 1347 Aldinam
442 1318 649 1356 propagatum
683 1318 713 1346 et
741 1318 851 1355 postea
879 1325 898 1345 a
928 1315 1084 1355 plerisque
1112 1314 1283 1345 editoribus
1311 1318 1470 1355 receptum
1497 1318 1553 1346 est.
1598 1324 1670 1345 nam
1699 1318 1876 1346 adsentione

214 1373 331 1403 habent
353 1372 412 1403 MV
435 1371 652 1412 superscriptis
675 1371 705 1401 in
728 1371 755 1401 V
779 1378 808 1401 ta
839 1371 963 1401 littoris:
1008 1371 1038 1401 iu
1061 1370 1234 1401 Dresdensi
1263 1370 1369 1401 codiee
1394 1370 1528 1411 epistula
1549 1370 1666 1401 omissa
1689 1373 1745 1401 est.
1789 1374 1874 1402 recte

213 1432 318 1460 autem
340 1431 549 1459 adsentatione
572 1427 695 1468 scripsit
708 1428 895 1458 Catanaeus.
933 1427 1124 1467 intellegitur
1146 1427 1227 1458 enim
1250 1437 1381 1467 pravum
1399 1426 1595 1466 gratificandi
1618 1426 1764 1467 studium,
1789 1427 1872 1467 quod

213 1488 337 1516 veretur
360 1484 477 1515 Plinius
500 1494 538 1515 110
560 1483 645 1515 edita
664 1484 802 1515 oratione
818 1483 995 1514 hominibus
1017 1487 1089 1514 ante
1112 1483 1218 1514 oculos
1241 1483 1384 1523 posuisse
1398 1482 1541 1514 videatur
1563 1482 1604 1513 ad
1621 1482 1741 1514 animos
1765 1493 1874 1514 eorum

213 1541 406 1573 alliciendos.
457 1540 716 1580 significationem
749 1544 779 1571 et
807 1549 897 1570 usum
931 1539 1074 1570 vocabuli
1100 1539 1247 1580 explicuit
1270 1539 1442 1579 Seyffertus
1472 1539 1503 1569 in
1532 1538 1595 1569 Cic.
1626 1538 1712 1570 Lael.
1746 1549 1776 1579 p.
1800 1539 1872 1571 520.

213 1601 323 1637 argute
347 1600 466 1635 autem,
496 1600 529 1627 ut
551 1606 682 1627 acumen
703 1595 859 1635 quoddam
886 1595 1034 1626 orationis
1057 1600 1241 1635 quaeratm,
1271 1595 1355 1626 idem
1376 1595 1579 1634 vocabulum,
1611 1595 1694 1635 quod
1716 1598 1810 1626 antea
1832 1595 1872 1626 de

214 1654 328 1695 populo
350 1653 485 1694 positum
508 1655 588 1691 erat,
613 1652 651 1683 de
674 1652 742 1692 ipso
764 1655 886 1682 oratore
910 1651 1025 1682 dictum
1047 1652 1205 1692 repetitur.

336 1710 350 1739 I
372 1710 404 1749 9,
429 1710 443 1740 l
469 1711 576 1739 Mirum
599 1716 650 1748 est⁷
674 1719 762 1746 quam
778 1711 903 1746 sinyulis
918 1710 1022 1738 (liebus
1044 1711 1072 1738 iu
1098 1710 1171 1738 urbe
1191 1711 1270 1738 ratio
1294 1715 1346 1738 (tut
1364 1712 1478 1738 constet
1496 1711 1548 1736 aul
1566 1712 1704 1737 constare
1726 1709 1872 1746 videatur,

207 1769 346 1805 pluribus
369 1772 536 1803 cunctaque
558 1775 615 1795 non
639 1771 758 1795 constet.
801 1764 983 1804 ambiguum
1005 1763 1152 1795 iudicium
1175 1763 1277 1794 reddit
1299 1763 1511 1803 discrepantia
1531 1762 1682 1802 codicum,
1706 1769 1873 1800 cunctaque

213 1822 285 1862 MV,
310 1826 481 1859 czmctisque
502 1822 530 1851 D
555 1824 584 1851 et
607 1821 751 1861 princeps
774 1820 883 1860 editio,
915 1824 1080 1858 iunctisque
1101 1820 1126 1850 F
1153 1819 1376 1850 Riccardianus
1400 1822 1431 1850 et
1453 1818 1548 1850 editio
1561 1818 1686 1849 Aldina.
1721 1828 1738 1849 e
1760 1819 1872 1858 quibus

214 1882 407 1917 cunctisque,
431 1887 618 1917 quamquam
640 1887 713 1908 suos
737 1877 915 1908 laudatores
938 1876 1069 1915 invenit,
1097 1880 1202 1906 tamen
1224 1876 1274 1906 vel
1297 1879 1423 1916 propter
1444 1874 1585 1906 additum
1604 1877 1741 1913 pluribus
1764 1877 1872 1915 apeite

213 1935 325 1965 falsum
348 1938 412 1973 est,
447 1941 613 1971 czmctaque
641 1938 723 1964 recte
756 1933 881 1973 quidem
910 1932 1022 1963 dicitur
1050 1942 1088 1963 ea
1117 1932 1285 1971 sententia,
1319 1941 1412 1972 quam
1434 1931 1556 1962 Cortius
1578 1930 1753 1971 proposuit,
1788 1931 1818 1961 h.
1843 1940 1870 1962 e.

214 1991 346 2032 plurium
370 1990 489 2021 dierum
513 1989 603 2020 simul
620 1989 751 2020 collecta
773 1989 860 2028 ratio,
884 1989 1030 2019 universa
1052 1998 1182 2019 summa.
1212 1998 1319 2019 verum
1341 1991 1445 2018 tamen
1468 1990 1498 2018 et
1519 1987 1666 2017 librorum
1688 1986 1872 2018 auctoritate

212 2050 242 2078 et
271 2056 353 2077 nexu
387 2046 610 2077 sententiarum
642 2045 743 2085 magis
775 2045 1010 2076 commendatur
1042 2048 1217 2083 iunctisque.
1261 2054 1333 2074 nam
1366 2043 1497 2083 singulis
1527 2043 1638 2074 diebus
1673 2046 1870 2083 opponuntur

213 2103 316 2143 plures
339 2102 420 2142 iique
442 2112 504 2133 non
524 2102 660 2142 separati
682 2101 871 2142 interpositis
894 2102 980 2141 aliis,
1002 2101 1059 2132 sed
1081 2100 1281 2131 continuitate
1304 2100 1408 2130 iuncti.

332 2158 347 2188 Ι
373 2159 420 2197 1¹2,
450 2160 483 2190 [1
509 2160 639 2188 Decessit
658 2160 866 2196 superstitibus
887 2161 964 2194 suis,
993 2160 1121 2194 florente
1142 2167 1175 2186 re
1193 2159 1330 2195 publica,
1361 2166 1437 2194 quac
1459 2159 1500 2186 illi
1523 2158 1657 2186 omnibus
1679 2158 1742 2186 suis
1765 2159 1869 2185 carior

213 2220 294 2244 erut.-
322 2220 349 2244 et
369 2217 426 2244 lzoc
447 2218 519 2245 scio.
564 2220 655 2244 tamen
679 2220 827 2251 tamquam
862 2220 890 2243 et
912 2217 1021 2244 iuvenis
1053 2219 1079 2243 et
1108 2215 1268 2250 firmissimi
1295 2218 1416 2242 mortem
1441 2214 1536 2243 doleo.
1580 2211 1624 2242 ita
1653 2211 1732 2243 haec
1755 2211 1786 2242 in
1808 2210 1869 2242 MV

212 2270 327 2311 scripta
349 2274 432 2309 sunt,
468 2271 528 2301 uisi
551 2270 632 2310 quod
661 2273 724 2300 suis
745 2270 915 2310 posteriore
938 2270 1005 2300 loco
1029 2269 1176 2300 omissum
1199 2272 1260 2307 est3
1295 2275 1322 2299 et
1343 2271 1401 2299 Itoc
1428 2271 1491 2299 scio
1520 2278 1575 2306 eqo
1599 2273 1694 2298 tamen
1717 2273 1867 2306 tamquam

212 2329 326 2357 iuuenis
346 2330 501 2362 fortissimi
522 2334 614 2356 morte
637 2329 720 2356 doleo
743 2326 783 2356 F:
817 2326 848 2356 in
870 2326 898 2356 D
923 2326 1057 2366 epistula
1083 2325 1200 2356 omissa
1223 2328 1279 2356 est.
1323 2324 1540 2365 interpolatam
1564 2324 1648 2355 haud
1680 2324 1773 2354 dubie
1797 2323 1867 2354 Flo-
