2080 2771
238 427 267 451 ec
288 424 420 451 molestia
441 431 499 452 non
514 423 640 451 carere?
663 422 736 458 quid
755 422 888 457 gravius,
912 428 1000 456 quam
1019 423 1103 448 tanta
1126 419 1289 455 ianome'nia
1312 419 1462 454 adfectum
1484 428 1543 448 non
1567 421 1595 449 in
1617 421 1775 450 solitudine
1796 422 1898 458 latere,

238 480 293 507 sed
313 480 342 507 in
363 480 423 508 hac
445 480 585 508 altissima
614 479 736 515 specula
760 477 1000 514 conspiciendum
1021 484 1053 504 se
1075 475 1355 511 monstrandumque
1373 476 1541 512 praebere?
1569 480 1730 513 praeterea
1753 477 1825 513 qnid
1842 485 1898 513 pu-

240 535 314 564 blice
335 536 428 563 minus
462 538 514 563 aa!
535 543 700 570 conyruens
729 537 781 561 aut
809 534 968 570 decorum,
997 536 1128 560 notatum
1154 540 1173 559 α
1194 535 1299 560 senatu
1323 532 1351 560 in
1371 535 1474 560 senatu
1497 533 1601 561 sedere
1623 534 1753 569 ipsisque
1775 534 1846 570 illis,
1878 542 1898 561 α

239 592 345 627 quibus
365 592 404 619 sil
425 594 553 628 notatus,
577 591 712 626 aequari.
756 590 852 618 totum
875 587 976 617 locum
999 586 1167 626 exscripsi,
1190 588 1223 616 ut
1251 585 1325 616 vitio
1360 585 1502 616 laborare
1526 596 1700 618 sermonem
1722 587 1898 628 adpareret,

238 655 425 685 quamquam
446 655 545 685 neque
568 644 749 684 quisquam,
783 642 865 682 quod
889 642 1000 681 sciam,
1025 642 1167 681 offendit,
1200 651 1301 681 neque
1330 641 1478 672 librorum
1502 642 1712 683 discrepantia
1734 642 1899 674 dubitandi

238 701 339 732 locum
360 701 499 741 praebet.
542 711 614 731 nam
637 699 720 740 quod
741 709 797 740 pro
820 704 954 729 notatum
976 699 1007 729 in
1030 699 1055 728 F
1077 701 1107 729 et
1130 697 1336 729 Riceardiano
1361 701 1523 729 notandum
1546 699 1676 740 legitur,
1697 699 1783 730 haud
1804 699 1898 731 dubie

236 757 449 797 interpolatori
476 757 614 788 debetur.
666 756 721 787 sed
755 755 834 785 sicut
863 758 957 785 antea
995 754 1111 785 dietum
1142 757 1208 785 erat
1241 756 1314 792 quid
1340 757 1475 785 miserius
1513 766 1600 793 quam
1629 765 1736 786 carere
1765 758 1795 786 et
1826 757 1900 793 quid

239 816 363 851 ymnius
396 823 485 850 quam
502 815 667 851 praebere,
697 812 740 842 ita
763 814 874 851 postea
895 820 1017 850 quoque
1044 814 1115 851 post
1137 810 1382 851 comparativum
1410 822 1498 849 qnam
1521 811 1595 842 addi
1617 811 1753 852 postulat
1775 811 1897 842 concin-

241 869 321 899 nitas
344 868 508 908 orationis,
545 868 632 899 euius
655 868 791 898 maxime
821 867 979 897 studiosus
1008 870 1055 897 est
1078 866 1205 897 Plinius.
1250 876 1350 907 neque
1379 867 1479 907 patior
1508 867 1583 898 mihi
1612 867 1795 908 persuaderi
1818 868 1898 899 haec

242 925 282 956 ab
306 934 342 955 eo
375 935 437 955 non
466 928 584 955 mutata
617 924 715 955 forma
737 923 885 954 orationis
912 933 969 964 pro
1003 923 1230 953 exclamatione
1260 923 1343 954 elata
1375 933 1454 954 esse.
1499 933 1594 963 quare
1623 923 1821 955 scribendum
1851 927 1898 955 est

237 991 325 1019 qaam
347 986 489 1011 notatum.

360 1036 389 1066 II
414 1037 466 1075 17,
491 1036 510 1068 2
534 1038 637 1066 Decem
668 1043 694 1066 et
716 1041 823 1074 septem
846 1037 962 1066 milibus
981 1045 1122 1073 passuum
1146 1037 1185 1065 ab
1208 1037 1281 1065 urbe
1301 1038 1436 1074 secessit,
1471 1042 1502 1065 ut
1521 1038 1656 1075 peractis
1679 1046 1753 1074 quae
1776 1037 1896 1073 aqenda

236 1093 349 1128 suerint
369 1095 452 1123 salvo
476 1095 533 1122 iam
556 1098 582 1122 ei
606 1095 768 1131 composito
794 1095 841 1122 die
856 1094 957 1130 possis
979 1093 1020 1121 ibi
1041 1101 1172 1121 manere.
1208 1091 1353 1122 laudatur
1375 1092 1547 1123 amoenitas
1571 1092 1692 1132 praedii
1716 1091 1897 1122 Laurentini

240 1148 380 1189 proxime
403 1148 443 1179 ab
467 1148 542 1179 urbe.
566 1148 625 1178 siti.
670 1148 725 1179 sed
754 1149 784 1178 in
807 1157 844 1178 eo
866 1158 927 1178 non
949 1150 1084 1183 secessit,
1115 1147 1198 1187 quod
1221 1147 1251 1178 in
1274 1147 1416 1178 omnibus
1438 1148 1525 1179 libris
1548 1151 1611 1188 est,
1645 1148 1779 1179 Plinium
1801 1147 1895 1188 scrip-

237 1204 333 1244 sisse,
366 1204 422 1235 sed
444 1207 584 1240 recessit,
613 1204 661 1234 vel
692 1214 730 1235 ea
753 1204 865 1235 (locere
889 1207 1048 1243 poterant,
1083 1213 1163 1243 quae
1196 1203 1235 1234 de
1258 1204 1368 1235 Tuscis
1393 1204 1457 1235 suis
1486 1204 1609 1244 scripsit
1630 1204 1657 1235 V
1679 1204 1715 1243 6,
1739 1204 1759 1236 2
1787 1206 1842 1234 sed
1864 1206 1896 1235 1ιὶ

235 1264 342 1299 procul
363 1272 380 1291 a
403 1264 478 1291 mari
498 1266 690 1291 recesserunt.
721 1270 820 1299 neque
843 1259 929 1290 aliud
950 1259 1074 1290 omuino
1102 1259 1161 1290 fert
1182 1269 1256 1291 usus
1275 1260 1436 1291 sermonis.
1479 1270 1552 1291 nam
1572 1259 1740 1291 recedendi
1767 1260 1897 1290 verbum

241 1320 272 1348 et
294 1320 402 1357 poetas
425 1320 455 1347 et
478 1317 643 1356 scriptores
667 1316 809 1356 Augusto
832 1316 1020 1356 posteriores
1048 1315 1087 1346 de
1118 1316 1298 1356 regionibus
1327 1316 1367 1347 ab
1396 1317 1501 1356 aliquo
1527 1316 1595 1347 loco
1617 1316 1745 1347 remotis
1768 1326 1895 1356 usurpa-

238 1373 322 1403 visse
347 1375 482 1411 consum
507 1376 599 1412 atquc
623 1372 716 1403 etiam
738 1373 875 1412 perfecto
899 1372 965 1403 eius
990 1375 1129 1412 tempore
1152 1372 1196 1403 ita
1217 1372 1266 1403 usi
1289 1375 1374 1412 sunt,
1399 1376 1431 1403 ut
1453 1373 1555 1403 locum
1577 1372 1667 1412 quasi
1688 1372 1843 1412 refugisse
1865 1375 1896 1403 et

242 1429 432 1459 subtractum
454 1438 524 1459 csse
548 1439 568 1459 a
590 1432 755 1468 prospectu
782 1429 939 1459 oculorum
963 1428 1188 1468 significarent:
1233 1428 1359 1465 Quintil.
1383 1429 1411 1459 Π
1436 1429 1494 1469 17,
1518 1429 1556 1460 21
1586 1434 1613 1458 et
1629 1431 1747 1468 pictor,
1781 1439 1846 1459 cum
1868 1431 1897 1459 vi

237 1487 314 1515 artis
334 1494 408 1515 suae
430 1486 537 1522 efficit,
562 1490 593 1514 al
614 1487 762 1522 quaedam
785 1488 910 1515 eminere
932 1487 962 1515 iu
987 1494 1089 1524 opere,
1118 1487 1263 1522 quaedam
1285 1488 1445 1515 recessisse
1466 1487 1641 1524 credamus,
1664 1488 1727 1523 ipse
1748 1495 1784 1514 ea
1802 1487 1896 1523 plana

238 1551 301 1572 esse
322 1551 379 1571 non
408 1544 517 1577 nescl'l,·
550 1540 627 1571 Plin.
657 1550 705 1581 ep.
728 1541 773 1571 ΙΠ
797 1541 832 1580 6,
856 1541 875 1573 2
898 1547 997 1571 venter
1029 1544 1165 1572 recessit:
1194 1541 1232 1572 cf.
1254 1541 1285 1571 II
1309 1541 1363 1581 17,
1386 1540 1439 1579 21;
1468 1540 1494 1571 V
1518 1542 1552 1580 6,
1576 1541 1631 1579 2ος
1654 1540 1703 1572 38.
1748 1540 1896 1572 secedere

241 1600 345 1628 autem
369 1600 468 1636 certo,
492 1599 524 1627 ut
546 1596 677 1637 videtur,
700 1596 791 1627 huius
814 1597 926 1628 actatis
947 1607 1032 1628 more
1055 1597 1198 1628 dicuntur
1220 1597 1361 1628 homines
1384 1596 1491 1627 lubem
1513 1596 1722 1636 relinquentes
1745 1596 1894 1627 maxime-

242 1662 302 1693 que
324 1653 345 1683 ii
372 1653 423 1692 qui
453 1652 547 1683 otium
582 1653 661 1683 ruris
695 1656 725 1683 ct
763 1653 900 1684 locorum
930 1653 1104 1684 abditorum
1132 1656 1257 1693 petunt:
1301 1653 1379 1683 Plin.
1404 1663 1451 1693 ep.
1475 1652 1489 1683 Ι
1512 1652 1546 1691 9,
1572 1652 1591 1685 3
1624 1663 1689 1683 cum
1723 1654 1895 1691 secesseris;

237 1708 268 1739 Π
291 1710 346 1748 11,
372 1710 386 1740 l
410 1712 545 1746 quamvis
566 1711 639 1738 enim
662 1712 768 1746 quietis
790 1720 891 1739 anzore
912 1713 1086 1746 secesseris;
1117 1709 1162 1739 III
1185 1710 1213 1749 7,
1239 1709 1258 1741 6
1281 1711 1319 1739 ab
1342 1711 1415 1739 urbe
1436 1711 1556 1740 secessit
1564 1720 1574 1745 ;
1598 1709 1654 1747 21,
1679 1708 1698 1740 2
1716 1714 1895 1747 prosecutus

240 1774 321 1794 eram
351 1767 461 1795 viatico
489 1767 687 1802 secedentem;
711 1765 737 1795 V
760 1766 799 1796 14
822 1766 904 1806 (15),
930 1767 946 1797 1
980 1775 1159 1796 secesseram
1191 1768 1220 1795 in
1242 1768 1450 1804 municipiunm
1480 1764 1539 1795 VII
1563 1764 1615 1804 16,
1637 1764 1657 1796 2
1679 1774 1733 1802 eqo
1761 1767 1791 1794 in
1812 1767 1895 1795 villas

239 1823 301 1850 eius
322 1830 412 1858 saepe
433 1823 541 1851 secessi
548 1831 558 1856 ,·
581 1821 655 1851 VIII
673 1820 706 1860 9,
735 1822 748 1852 l
771 1824 861 1851 mulla
884 1832 928 1852 me
949 1825 1071 1859 neqotia
1094 1824 1258 1852 anticorum
1281 1831 1336 1851 nec
1356 1823 1495 1852 secedere
1517 1830 1570 1851 nec
1590 1823 1709 1850 sindere
1727 1823 1894 1858 patiuntur.

240 1876 370 1907 aliorum
392 1876 576 1916 scriptorum
604 1877 749 1917 exempla
778 1877 927 1908 indicavit
948 1877 1140 1908 Holstcinius
1164 1877 1203 1908 de
1226 1877 1302 1908 eloe.
1325 1877 1404 1907 Plin.
1427 1887 1456 1917 p.
1480 1877 1529 1908 30.
1553 1876 1592 1907 de
1614 1876 1707 1907 rebus
1729 1886 1748 1907 a
1770 1876 1894 1908 nemine

238 1936 419 1972 ustupatum
452 1932 576 1963 invenio
598 1933 726 1963 verbum
749 1937 874 1973 praeter
902 1937 1011 1973 poetas
1034 1933 1168 1973 quidem.
1211 1943 1312 1973 neque
1339 1943 1413 1963 vero
1435 1932 1512 1964 illud
1535 1933 1592 1963 hoe
1615 1932 1682 1963 loeo
1704 1932 1809 1963 neseio
1832 1942 1894 1972 qua

239 1987 411 2027 elegantia,
447 1998 528 2028 quae
557 1989 672 2028 placuit
700 1989 877 2020 novissimis
906 1989 1124 2029 interpretibus
1148 1989 1287 2029 Gierigio
1317 1992 1347 2020 et
1369 1989 1555 2029 Doeringio,
1580 1988 1620 2019 ab
1654 1988 1828 2019 hominibus
1852 1988 1893 2020 ad

237 2043 343 2073 villam
374 2054 393 2075 a
415 2044 545 2084 strepitu
573 2045 657 2075 urbis
680 2048 829 2075 remotam
852 2045 1010 2076 transferri
1032 2046 1146 2086 potuit,
1183 2045 1367 2086 praesertim
1397 2055 1465 2076 cum
1493 2054 1638 2075 numerus
1666 2054 1816 2084 passuum
1837 2044 1892 2075 ad-

238 2098 320 2129 ditus
343 2100 399 2139 sit,
434 2100 485 2139 qui
508 2100 583 2130 nihil
606 2100 665 2131 nisi
689 2101 949 2140 significationem
976 2102 1069 2142 spatii
1096 2101 1210 2141 requiri
1236 2101 1362 2132 indicat.
1385 2120 1425 2123 —
1468 2101 1640 2140 Pergamus
1662 2110 1744 2131 nune
1767 2101 1808 2131 ad
1829 2100 1893 2133 alia

237 2154 383 2186 librorum
405 2156 481 2186 vitia
503 2156 534 2186 in
557 2156 667 2187 eadem
686 2157 806 2197 praedii
824 2157 1032 2198 descriptione
1055 2157 1261 2189 emendanda.
1306 2158 1334 2195 ξ.
1353 2158 1371 2189 5
1395 2159 1524 2195 undique
1546 2160 1647 2187 valvas
1670 2163 1723 2187 aut
1741 2159 1892 2193 fenestras

237 2220 297 2241 non
319 2213 444 2242 minores
465 2215 557 2242 valvis
578 2215 681 2249 habel,
706 2218 794 2250 alque
815 2217 857 2243 ila
880 2224 899 2243 a
922 2216 1061 2244 lateribus
1086 2224 1104 2243 a
1122 2215 1224 2250 fronoe
1247 2215 1335 2251 quasi
1356 2216 1414 2243 tria
1435 2216 1530 2243 maria
1549 2218 1723 2251 prospectat
1729 2225 1740 2250 ;
1764 2223 1783 2243 a
1807 2218 1890 2251 {erqo

237 2269 425 2304 cavaedium,
444 2271 604 2306 porticum,
626 2279 733 2305 aream,
754 2272 902 2307 porticam
925 2281 1039 2309 rursus,
1062 2280 1132 2300 moa:
1155 2272 1262 2300 atrium
1283 2272 1374 2299 silvas
1396 2274 1423 2299 ei
1435 2272 1609 2307 lonqinquos
1630 2272 1752 2307 respicit
1769 2274 1889 2299 montes.

237 2321 451 2354 describuntm·
463 2323 607 2364 regiones
621 2334 700 2364 quae
723 2334 762 2355 ex
785 2325 917 2356 diversis
940 2325 1031 2357 villae
1050 2326 1189 2366 partibus
1204 2325 1443 2366 conspiciuntur.
1466 2324 1497 2355 in
1519 2334 1579 2364 quo
1601 2324 1684 2364 quod
1706 2335 1745 2356 ea
1767 2335 1847 2366 quae
1870 2335 1890 2357 a
