2080 2771
939 310 1017 322 ἢ
1076 290 1125 336 14

255 446 295 467 ex
313 441 403 474 parte
423 437 573 473 supersint
604 436 706 464 eadem
734 436 785 463 illa
813 441 890 470 quae
915 433 1076 467 stantibus,
1116 436 1213 460 tainen
1238 432 1296 461 hoc
1317 433 1400 469 quod
1419 433 1521 461 sedent
1556 433 1646 469 quasi
1674 433 1863 461 debilitentur
1885 436 1914 460 et

256 495 478 531 deprimantur;
509 490 549 521 ad
572 490 655 521 Trai.
678 489 712 528 2,
735 489 753 520 1
777 490 909 526 quamvis
932 489 1007 517 enim
1031 488 1100 516 Iulii
1122 488 1262 516 Serviani
1284 505 1320 508 —
1341 489 1480 525 precibus
1502 489 1678 526 indulseris,
1706 492 1804 517 tamen
1826 489 1914 517 eliam

256 558 295 578 esc
316 550 461 585 rescripto
478 549 627 584 intelle903
650 545 690 576 ib.
708 544 728 577 9
749 544 815 581 (2ιῖ))
838 549 967 573 statuam
987 545 1060 581 poni
1081 544 1151 572 milii
1173 553 1192 572 α
1215 548 1243 572 te
1259 552 1293 572 eo
1314 553 1371 581 quo
1395 545 1549 574 desideras
1570 546 1634 573 loco
1651 553 1830 581 quamquam
1852 545 1915 573 eius

255 607 335 635 modi
355 605 501 634 honorum
520 604 717 640 parcissimus
745 606 841 630 tamen
868 602 980 638 patior.
1024 608 1104 638 quae
1134 598 1281 638 quoniam
1304 599 1408 630 onmia
1430 599 1470 630 ad
1493 598 1645 639 apodosin
1666 599 1836 639 pertinent,
1871 598 1916 629 ita

256 659 382 691 defendi
403 661 548 699 possunt,
585 661 618 688 ut
640 657 682 688 ibi
711 656 812 687 minus
841 658 1034 686 constantem
1063 664 1133 685 eum
1163 664 1252 685 usum
1279 654 1376 685 fuisse
1399 655 1548 686 dieamus.
1593 655 1649 687 sed
1683 665 1753 686 eum
1774 654 1915 695 plurimis

257 715 410 756 exemplis
432 714 463 745 in
479 714 608 755 apodosi
632 722 753 753 quoque
767 711 820 743 alii
838 711 990 742 vocabulo
1011 711 1185 751 postposita
1198 711 1374 742 inveniatur
1396 717 1493 742 tamen
1515 711 1677 751 particula,
1703 714 1796 750 atque
1820 710 1916 741 etiam

256 772 318 803 sint
350 781 429 811 quae
458 770 490 801 id
511 780 572 800 nou
605 779 679 800 casu
702 769 805 808 aliquo
836 767 893 798 sed
915 771 999 797 certo
1023 767 1147 797 dicendi
1168 777 1254 799 more
1280 767 1324 799 ita
1347 767 1462 798 factum
1492 777 1562 799 esse
1584 767 1717 808 probare
1740 767 1914 806 videantur,

256 831 289 858 ut
311 827 354 858 VI
376 827 431 866 32,
454 827 488 865 1,
524 825 608 856 haud
637 825 701 855 seio
730 834 770 855 an
803 824 902 864 primo
931 824 999 854 loeo
1030 823 1147 853 Plinius
1171 823 1330 864 scripserit
1358 826 1414 854 hoc
1442 830 1539 854 tamen
1567 826 1662 862 quod,
1702 823 1839 854 seeundo
1861 832 1916 860 eqo

256 889 360 914 tamen.
407 882 446 913 de
468 882 557 913 tertio
580 892 641 912 non
664 881 786 919 dubito,
819 883 986 920 propterea
1015 879 1098 919 quod
1125 889 1163 910 ea
1192 880 1326 920 epistula
1347 880 1543 920 imperatoris
1564 880 1707 919 Traiani,
1740 889 1803 910 non
1825 878 1917 910 Plinii

258 943 315 971 est.
342 958 377 961 —
403 938 560 969 Subieiam
583 937 631 968 his
654 937 786 968 similem
804 936 1054 967 observationem
1078 935 1117 966 de
1135 935 1284 967 adverbio
1308 938 1445 975 denique.
1488 947 1561 967 nam
1583 936 1615 967 in
1636 936 1695 967 hoe
1717 945 1839 976 quoque
1862 935 1917 966 ad-

257 996 380 1035 verbio,
404 1004 465 1035 quo
487 1004 581 1034 saepe
605 994 635 1024 in
659 992 891 1023 enumeratione
912 1002 987 1023 usus
1010 995 1058 1023 est
1080 992 1214 1030 Plinius,
1244 992 1368 1023 diverso
1392 993 1432 1023 ab
1456 993 1590 1033 antiquis
1613 1002 1699 1023 more
1723 1002 1792 1023 eam
1814 992 1918 1032 legem

257 1051 408 1091 servavit,
447 1060 487 1081 ne
509 1050 608 1090 primo
632 1049 699 1079 loeo
722 1052 904 1089 poneretur,
934 1048 995 1079 nisi
1017 1048 1143 1088 quidem
1165 1048 1290 1088 quando
1313 1058 1383 1079 eum
1411 1048 1594 1090 imperativo
1619 1048 1756 1079 iunctum
1777 1048 1840 1079 vim
1862 1047 1916 1078 ad-

257 1107 402 1139 hortandi
435 1106 546 1145 habet,
582 1105 674 1145 idque
703 1105 751 1136 bis
779 1105 820 1135 IV
844 1106 900 1143 11,
924 1105 963 1136 1ss
991 1107 1116 1142 denique
1150 1107 1297 1143 quidquid
1325 1108 1404 1136 voles
1431 1107 1589 1136 dummodo
1618 1114 1676 1135 non
1704 1107 1800 1135 minus
1827 1107 1918 1142 lonya

257 1167 383 1203 epistula
406 1165 508 1193 nuntia
532 1165 562 1193 et
586 1162 628 1192 VI
652 1162 705 1197 17,
737 1161 757 1192 4
780 1163 923 1199 denique,
950 1163 1012 1191 sive
1037 1163 1105 1199 plus
1125 1164 1186 1191 sive
1208 1164 1303 1191 mimis
1322 1164 1382 1192 sive
1406 1163 1481 1192 idem
1501 1167 1656 1199 praestas,
1689 1163 1799 1198 lauda,
1835 1163 1866 1191 et
1886 1160 1918 1191 in

258 1220 385 1260 obliqua
414 1219 553 1249 oratione
583 1218 679 1249 semel
708 1227 823 1258 paneg.
848 1218 888 1250 75
917 1220 1042 1255 denique
1074 1223 1105 1247 ut
1133 1220 1162 1248 in
1188 1223 1339 1256 posterum
1369 1220 1502 1255 exemplo
1526 1219 1711 1256 provideres.
1755 1219 1920 1257 praeterea

259 1278 437 1308 constanter
459 1274 511 1305 alii
533 1274 685 1305 vocabulo
704 1273 850 1311 subiecit3
875 1273 974 1313 primo
996 1276 1100 1304 autem
1120 1273 1188 1303 loeo
1212 1273 1323 1304 eadem
1343 1273 1569 1313 significatione
1591 1283 1647 1313 pro
1672 1275 1797 1311 denique
1817 1272 1922 1313 posuit

259 1338 418 1372 postremo.
463 1331 533 1361 hine
556 1330 687 1371 adparet
714 1330 786 1361 ferri
815 1340 877 1360 non
898 1339 991 1370 posse
1013 1339 1094 1369 quae
1122 1339 1161 1360 ex
1182 1330 1323 1361 Medieeo
1345 1329 1424 1361 libro
1447 1329 1532 1361 edita
1555 1332 1626 1360 sunt
1647 1329 1737 1369 VHI,
1766 1329 1786 1360 4
1809 1331 1824 1360 1
1849 1338 1920 1359 nam

260 1398 338 1427 quae
360 1394 418 1418 tam
442 1397 560 1423 recens,
597 1393 656 1417 tam
680 1389 821 1424 copiosa,
857 1392 914 1417 tam
937 1389 1013 1425 lata,
1050 1389 1176 1424 denique
1199 1392 1255 1416 tam
1275 1389 1397 1424 poetica
1420 1404 1461 1408 —
1483 1389 1623 1419 materia,
1655 1385 1712 1416 sed
1745 1395 1784 1416 ex
1806 1384 1922 1415 Aldina

261 1444 397 1476 editione
421 1442 619 1474 scribendum
643 1445 689 1473 est
713 1448 772 1472 tam
793 1446 871 1478 lata,
908 1452 985 1480 quae
1007 1445 1134 1480 denique
1162 1447 1218 1472 tam
1239 1445 1368 1481 poetica.
1412 1452 1474 1472 non
1500 1441 1603 1481 magis
1625 1444 1802 1481 corruptam
1825 1440 1920 1481 scrip-

260 1503 361 1532 turam
384 1499 535 1541 praebent
556 1499 614 1529 MV
637 1499 651 1528 I
674 1498 729 1538 20,
755 1499 792 1530 15
816 1502 914 1529 omnia
937 1501 1092 1537 experior,
1127 1500 1253 1536 deniqne
1280 1498 1388 1529 πάντα
1416 1499 1514 1530 λίθον
1535 1499 1630 1529 mucii:
1664 1500 1748 1528 reete
1772 1497 1921 1537 seriptum

262 1560 310 1589 est
331 1555 443 1588 πάντα
467 1558 608 1593 (leuique,
638 1555 720 1594 quod
749 1555 850 1595 ipsum
872 1554 943 1585 libri
965 1557 1104 1593 tuentur,
1138 1560 1236 1594 panta
1259 1557 1384 1592 denique
1406 1554 1449 1593 D,
1486 1560 1545 1583 tam
1573 1556 1698 1591 denique
1719 1553 1753 1583 F.
1797 1552 1859 1583 duo
1889 1552 1921 1583 in

261 1612 453 1654 panegyrico
486 1614 604 1642 restant
626 1610 700 1650 loci,
736 1620 761 1641 c.
784 1611 824 1642 45
847 1613 924 1641 vitiis
943 1613 1045 1649 polius
1074 1613 1179 1641 civium
1209 1620 1297 1649 quam
1320 1612 1479 1640 virtutibus
1500 1612 1662 1649 laetantur,
1692 1613 1819 1648 primum
1841 1610 1924 1647 quod

260 1671 291 1700 in
321 1672 379 1699 alio
403 1679 459 1698 sua
481 1677 623 1706 quem-que
651 1673 764 1697 natura
786 1669 927 1704 delectat,
957 1669 1084 1705 deniqne
1105 1669 1187 1705 quod
1212 1669 1407 1705 patientiores
1427 1669 1576 1696 servitutis
1598 1668 1826 1696 arbitrabamur
1848 1674 1924 1703 quos

261 1735 322 1756 non
345 1727 461 1755 deceret
483 1734 546 1754 esse
575 1726 632 1754 nisi
652 1734 772 1761 servos,
803 1723 855 1754 ubi
880 1725 1007 1761 denique
1029 1725 1112 1761 quod
1131 1723 1180 1753 vel
1204 1725 1331 1760 denique
1353 1732 1428 1760 quos
1455 1722 1486 1752 in
1515 1721 1674 1753 codicibus
1696 1724 1753 1753 est.
1797 1723 1923 1759 denique

263 1784 366 1813 autem
403 1780 527 1811 omnino
560 1780 661 1810 locum
691 1790 752 1810 non
786 1779 896 1819 habet,
928 1779 989 1810 nisi
1018 1779 1107 1819 plura
1137 1778 1293 1809 excidisse
1323 1781 1477 1818 putamus.
1521 1781 1604 1809 reete
1626 1778 1721 1818 igitur
1755 1777 1786 1808 in
1808 1776 1923 1808 Aldina

263 1837 399 1868 editione
422 1836 596 1867 restitutum
619 1845 689 1867 esse
713 1836 835 1866 videtur
857 1836 888 1866 id
911 1835 994 1875 quod
1016 1835 1110 1875 vulgo
1132 1838 1292 1875 receptum
1314 1838 1375 1874 est,
1406 1836 1513 1864 deinde
1534 1836 1625 1872 quod.
1669 1844 1694 1864 e.
1719 1834 1758 1866 66
1780 1836 1825 1864 vis
1846 1836 1923 1864 enim

263 1896 335 1924 tales
357 1903 420 1923 esse
442 1902 496 1923 nos
518 1895 619 1930 quates
641 1894 733 1931 iubam,
756 1894 887 1929 nihilque
903 1894 1165 1922 exhortationibus
1187 1894 1244 1921 tuis
1256 1893 1405 1929 siccatum,
1428 1893 1503 1921 nihil
1513 1892 1678 1929 subdolum,
1701 1892 1828 1927 denique
1850 1891 1926 1920 nihil

264 1951 345 1987 quod
361 1951 526 1979 credentem
546 1951 651 1985 fallere
670 1954 758 1986 paret
780 1958 838 1978 non
858 1951 922 1978 sine
944 1951 1078 1987 periculo
1099 1949 1238 1984 fallentis.
1283 1947 1313 1978 in
1337 1947 1476 1987 plurimis
1500 1946 1658 1977 codicibus
1681 1949 1711 1977 et
1734 1945 1826 1976 editis
1849 1944 1923 1976 olim

265 2004 496 2045 exemplaribus
511 2007 585 2034 nihil
604 2004 701 2035 altero
717 2005 784 2035 loeo
803 2004 951 2035 omissum
974 2007 1031 2043 est,
1055 2003 1137 2044 quod
1160 2003 1277 2044 primus
1301 2003 1452 2034 extribus
1474 2003 1561 2034 libris
1583 2002 1701 2043 recepit
1716 2001 1921 2033 Sebwarzius.

266 2060 423 2091 Gesnerus
446 2064 551 2091 autem
574 2060 716 2091 ediderat
746 2063 818 2091 nihil
837 2063 993 2091 subdolum
1016 2063 1158 2099 denique,
1193 2062 1276 2098 quod
1297 2062 1462 2090 credentem
1482 2061 1588 2096 fallere
1607 2063 1711 2097 paret,
1748 2057 1831 2098 quod
1852 2066 1922 2098 pro-

265 2116 351 2147 bavit
372 2116 513 2147 Handius
536 2116 667 2147 Tursell.
691 2116 721 2146 ΙΙ
744 2127 773 2157 p.
796 2117 866 2149 263.
910 2117 966 2147 sed
989 2115 1187 2147 scribendum
1214 2118 1261 2146 est
1282 2115 1384 2155 potius
1407 2118 1481 2146 nihil
1500 2117 1672 2153 subdolum,
1702 2116 1778 2144 nihil
1799 2116 1924 2151 denique

267 2174 354 2211 quod.
385 2182 457 2202 nani
479 2182 536 2202 nee
560 2174 685 2210 denique
707 2172 737 2203 in
761 2172 922 2213 anaphora
943 2172 1073 2203 duorum
1093 2172 1252 2202 nominum
1273 2171 1346 2211 poni
1363 2174 1478 2211 potest,
1500 2180 1602 2211 neque
1624 2170 1719 2201 ullam
1741 2169 1804 2201 vim
1826 2169 1922 2201 habet

266 2227 398 2259 relativa
420 2228 573 2259 sententia
594 2237 673 2268 quae
696 2229 849 2268 sequitur,
872 2228 932 2259 nisi
955 2239 974 2259 a
997 2227 1257 2268 praecedentibus
1284 2231 1455 2267 separatur.

390 2283 405 2314 Ι
432 2284 482 2322 16,
505 2285 523 2316 5
549 2286 709 2314 Praeterea
738 2287 816 2321 facit
843 2295 965 2324 versem,
1002 2288 1106 2322 (ficales
1141 2285 1269 2314 Catullus
1302 2290 1353 2314 aut
1384 2286 1497 2314 Calvus.
1540 2287 1680 2320 quantum
1712 2284 1768 2312 illis
1803 2284 1922 2322 leporis,

269 2341 451 2378 dulcedine,
473 2342 690 2376 amaritudinis,
713 2343 843 2371 amoris!
865 2341 954 2372 deest
977 2340 1036 2371 hoe
1057 2341 1125 2371 loeo
1148 2340 1179 2370 in
1201 2339 1318 2371 maiore
1348 2339 1598 2370 membranarum
1626 2338 1739 2369 laeuna
1763 2337 1923 2369 Medieeus
