2075 2766
212 409 316 440 benda
345 413 429 440 esset
462 409 639 449 adpareret.
683 416 870 447 quamquam
905 415 944 436 ne
973 405 1017 435 sie
1049 405 1175 445 quidem
1206 408 1270 435 tam
1301 407 1386 435 certa
1417 403 1576 435 iudicandi
1603 413 1713 434 norma
1742 403 1873 435 inveniri

212 465 327 505 potuit,
362 468 395 496 ut
426 464 528 495 nullus
558 463 683 494 errandi
705 463 791 493 loeus
814 461 1049 501 relinqueretur.
1093 470 1165 491 nam
1187 461 1285 491 multa
1313 461 1344 491 in
1372 460 1430 491 hoc
1453 469 1569 500 genere
1590 469 1646 500 per
1667 469 1702 491 se
1723 459 1874 500 ambigua

212 524 284 551 sunt
306 524 336 552 et
358 521 475 551 incerto
497 520 599 560 potius
623 519 662 550 de
685 528 745 549 uno
768 527 890 558 quoque
914 517 981 547 loeo
1005 516 1135 556 iudicio,
1165 526 1257 556 quam
1288 516 1380 547 certis
1402 516 1525 556 legibus
1548 525 1565 546 e
1589 515 1730 546 codicum
1752 516 1872 547 ratione

214 576 319 617 petitis
341 576 528 607 definienda.
557 575 662 615 itaque
684 584 774 613 nunc,
799 583 869 604 eum
892 573 993 604 denuo
1017 572 1057 603 ad
1080 572 1215 603 Plinium
1239 572 1374 603 studium
1397 572 1469 603 olim
1493 571 1703 603 intermissum
1725 572 1872 612 converti,

212 642 273 663 non
296 633 396 663 solum
418 631 631 663 confirmanda
652 640 732 670 quae
756 630 828 661 olim
851 632 935 660 reete
959 629 1195 667 constitueram,
1225 628 1282 659 sed
1305 628 1399 659 etiam
1421 628 1585 668 nonnulla,
1616 627 1655 658 de
1677 627 1789 668 quibus
1811 638 1873 659 non

211 689 287 719 satis
310 691 393 719 reete
416 688 584 719 iudicatum
607 696 677 718 esse
701 689 811 726 postea
832 685 987 723 intellexi,
1022 685 1209 724 corrigenda
1232 694 1301 715 esse
1324 684 1426 715 video.
1470 684 1526 715 sed
1549 694 1619 715 eam
1641 693 1768 724 operam
1791 694 1873 715 nune

211 744 251 775 ad
274 744 407 784 priorem
430 743 632 784 epistularum
655 745 794 782 partem,
827 751 907 781 quae
938 744 1082 780 quattuor
1109 741 1204 771 libros
1226 741 1342 781 primos
1372 744 1402 771 et
1424 751 1480 771 sex
1511 740 1660 780 epistulas
1684 739 1754 770 libri
1776 740 1873 780 quinti

210 800 436 840 complectitur,
473 799 618 839 quoniam
649 798 680 828 in
708 797 766 828 hae
790 801 877 837 parte
902 797 1027 827 diversa
1055 807 1074 827 a
1096 796 1222 836 reliquis
1247 800 1295 827 est
1325 797 1466 827 codicum
1489 796 1583 836 ratio,
1614 796 1770 837 pertinere
1792 796 1872 836 volo,

210 856 333 887 tametsi
363 856 511 896 pauciora
540 859 570 885 et
600 854 718 885 leviora
748 853 787 884 de
817 853 876 884 hae
910 857 996 894 parte
1024 863 1116 893 quam
1146 853 1185 883 de
1208 853 1328 893 reliqua
1349 852 1531 884 adnotanda
1552 852 1663 883 habeo.
1708 855 1739 883 et
1760 852 1800 884 de
1823 862 1872 883 co-

211 912 332 943 dicibus
355 911 479 951 quidem
509 912 540 941 in
569 910 761 951 praefatione
784 909 928 940 editionis
958 909 1073 940 dietum
1101 912 1157 940 est.
1194 909 1281 939 euius
1305 908 1524 949 disputationis
1549 918 1701 939 summam
1723 908 1783 939 hoo
1805 908 1873 939 loco

211 971 351 1008 repetere
376 977 474 1007 eaque
499 977 578 1007 quae
601 966 641 997 ad
667 967 744 997 hane
768 965 993 1005 quaestionem,
1017 965 1047 995 in
1070 975 1132 1005 qua
1154 974 1235 995 nune
1250 974 1421 1004 versamur,
1448 964 1668 996 stabiliendam
1692 965 1874 996 necessaria

211 1027 281 1055 simt
302 1023 493 1063 argumentis
517 1022 698 1054 confirmare
721 1022 833 1063 placet.

334 1079 421 1110 Unus
445 1079 540 1119 igitur
562 1082 704 1119 superest
727 1078 844 1117 codex,
874 1077 926 1117 qui
954 1087 1066 1108 novem
1089 1077 1292 1117 epistularum
1315 1076 1409 1107 libros
1433 1077 1586 1115 eontinet,
1620 1076 1779 1107 Medieeus
1803 1076 1873 1117 (M),

211 1135 336 1167 saeculo
364 1135 485 1166 decimo
508 1135 650 1175 scriptus.
694 1144 763 1165 eum
794 1135 851 1165 hoe
875 1134 1043 1164 Vaticanus
1067 1133 1167 1163 eodex
1192 1133 1246 1172 (V)
1276 1132 1386 1163 eadem
1417 1133 1481 1164 fere
1511 1136 1615 1164 aetate
1642 1133 1791 1173 scriptus,
1822 1132 1874 1172 qui

210 1178 354 1231 quattuor
386 1191 501 1231 primos
530 1191 624 1221 libros
647 1191 797 1229 eontinet,
825 1190 869 1221 ita
897 1189 1065 1229 consentit,
1099 1192 1132 1219 ut
1163 1193 1325 1229 utrumque
1353 1198 1392 1219 ex
1420 1189 1531 1220 eodem
1554 1189 1725 1229 archetypo
1748 1189 1873 1219 ductum

210 1256 280 1278 esse
309 1247 461 1287 adpareat
473 1248 515 1287 ἃ).
559 1250 682 1287 praeter
705 1247 761 1277 hos
792 1256 871 1277 unus
903 1250 989 1277 extat
1020 1250 1106 1276 vetus
1137 1245 1233 1283 liber,
1266 1245 1461 1276 Florentinus
1485 1245 1537 1286 (F)
1560 1245 1724 1276 undecimo
1748 1244 1874 1275 saeculo

211 1303 343 1343 scriptus
373 1307 403 1333 et
436 1313 475 1333 ex
498 1303 677 1333 Florentiua
707 1303 737 1333 S.
762 1302 858 1333 Marci
882 1302 1071 1332 bibliotheea
1107 1301 1186 1332 inter
1209 1301 1437 1332 Laurentianos
1466 1301 1591 1332 codices
1625 1301 1809 1341 translatus,
1842 1300 1874 1331 in

210 1369 270 1399 quo
294 1362 437 1399 quattuor
466 1359 536 1389 libri
567 1359 655 1399 primi
680 1362 709 1389 et
732 1359 852 1389 initium
874 1358 971 1398 quinti
996 1368 1092 1397 usque
1117 1357 1157 1388 ad
1180 1361 1303 1388 sextam
1326 1358 1491 1398 epistulam
1521 1357 1636 1398 scripta
1658 1361 1743 1397 sunt,
1773 1366 1873 1397 eaque

210 1424 306 1446 causa
328 1414 400 1454 fuit,
437 1425 491 1445 eur
513 1415 603 1445 huius
628 1415 724 1455 partis
759 1415 914 1445 diversam
945 1424 964 1444 a
993 1414 1112 1454 reliqua
1140 1413 1348 1445 eonditionem
1378 1424 1447 1445 esse
1478 1414 1624 1444 dicerem.
1668 1423 1741 1444 nam
1763 1412 1872 1453 reliqui

211 1471 334 1502 codices
357 1480 464 1501 omnes
487 1471 582 1502 multo
604 1471 765 1502 inferiores
789 1474 892 1502 aetate
916 1474 996 1501 sunt.
1041 1470 1191 1501 extabant
1213 1473 1317 1501 autem
1340 1470 1413 1501 olim
1436 1470 1489 1501 alii
1511 1470 1634 1501 codices
1657 1473 1778 1500 veteres
1801 1478 1872 1500 eon-

210 1527 331 1568 plures⁷
355 1526 406 1566 qui
430 1536 499 1557 eum
521 1530 630 1567 postea
652 1527 815 1567 perierint,
838 1536 918 1557 nune
942 1526 991 1557 vel
1016 1536 1054 1557 ex
1073 1525 1264 1566 apographis
1288 1526 1394 1566 quinto
1417 1526 1537 1557 decimo
1561 1526 1687 1557 saeculo
1710 1525 1800 1557 saetis
1822 1525 1871 1556 vel

211 1593 250 1614 ex
272 1583 422 1623 inpressis
445 1583 676 1623 exemplaribus
699 1583 808 1613 notitia
831 1592 936 1613 eorum
951 1582 1087 1622 petenda
1109 1586 1165 1613 est.
1210 1582 1341 1622 primum
1365 1582 1446 1613 enim
1469 1583 1594 1613 ineunte
1618 1582 1726 1622 quinto
1750 1582 1872 1612 decimo

210 1639 335 1670 saeculo
358 1639 428 1670 Itali
452 1642 589 1670 veterem
611 1639 745 1679 aliquem
768 1639 922 1677 codicem,
952 1638 982 1668 in
1004 1648 1063 1677 quo
1087 1638 1202 1668 omisso
1225 1642 1335 1668 oetavo
1366 1638 1444 1669 libro
1468 1639 1671 1679 epistularum
1693 1647 1792 1669 nonus
1816 1646 1872 1677 pro

211 1698 320 1726 oetavo
343 1698 522 1725 numeratus
545 1699 625 1734 erat,
649 1698 885 1735 usurpaverunt.
929 1704 968 1725 ex
994 1694 1051 1724 hoo
1074 1697 1104 1725 et
1126 1693 1250 1725 eodiees
1273 1697 1341 1725 octo
1364 1694 1511 1725 librorum
1534 1694 1605 1725 inde
1629 1694 1668 1725 ab
1691 1694 1746 1724 illa
1768 1696 1871 1724 aetate

211 1751 326 1791 scripti,
350 1760 478 1790 quorum
493 1761 625 1790 magnus
649 1755 695 1782 est
717 1760 873 1790 numerus,
892 1750 1060 1781 ductisunt
1084 1753 1114 1781 et
1136 1750 1280 1791 print-eps
1303 1750 1398 1781 editio
1422 1761 1449 1781 a.
1475 1751 1552 1783 1471
1566 1750 1705 1781 Venetiis
1721 1749 1871 1788 exhibita,

318 1870 344 1902 *)
363 1869 470 1895 Tertius
491 1870 599 1903 quidem
619 1870 738 1896 eiusdem
759 1870 866 1903 generis
887 1869 973 1895 codex
994 1873 1034 1895 est
1054 1868 1214 1901 Pragensis,
1235 1877 1267 1894 ex
1288 1876 1342 1901 quo
1362 1869 1465 1895 Titzius
1486 1868 1564 1894 Plinii
1584 1868 1716 1902 epistulas
1738 1867 1823 1894 edidit
1842 1874 1867 1893 a.

213 1919 288 1945 1823.
308 1919 356 1945 sed
374 1919 445 1945 hune
465 1928 496 1945 ex
517 1920 577 1952 ipso
596 1920 717 1946 Medieeo
738 1920 832 1945 codice
853 1920 1018 1952 descriptum
1039 1927 1098 1945 esse
1118 1922 1266 1951 perpetuus
1286 1927 1345 1944 cum
1366 1927 1399 1945 eo
1421 1919 1490 1945 libro
1513 1919 1594 1945 etiam
1614 1919 1641 1944 in
1663 1917 1813 1944 manifestis
1832 1917 1871 1942 vi-

211 1969 255 1995 tiis
275 1977 422 1995 consensus
442 1969 529 1995 docet.
550 1970 575 1995 in
597 1978 650 2003 quo
671 1978 804 1996 consensu
823 1970 967 1995 maximam
988 1970 1040 1995 vim
1060 1969 1162 1994 habent
1181 1976 1221 1998 ea,
1242 1976 1312 2002 quae
1333 1969 1461 2002 quoniam
1481 1970 1508 1995 in
1519 1970 1654 1996 Vaticano
1675 1972 1748 1995 reete
1768 1967 1871 2000 scripta

212 2023 288 2050 sunt,
308 2028 340 2045 ex
360 2020 513 2052 antiquiore
533 2020 627 2046 codice
647 2021 731 2054 repeti
753 2024 903 2053 nequeunt,
925 2020 973 2046 sed
993 2020 1077 2052 ipsius
1096 2019 1209 2044 Medieei
1229 2019 1340 2052 propria
1360 2023 1430 2045 sunt.
1450 2021 1526 2047 euius
1546 2021 1653 2054 generis
1673 2027 1688 2045 e
1707 2018 1794 2051 primo
1815 2017 1870 2050 epi-

211 2069 340 2095 stularum
367 2070 435 2095 libro
461 2069 529 2095 haee
555 2071 685 2096 adnotavi
709 2071 846 2103 exempla,
876 2070 885 2095 I
906 2071 937 2101 5,
960 2071 971 2096 1
997 2072 1064 2094 enim
1087 2077 1136 2102 pro
1157 2078 1224 2099 ηοιι;
1245 2070 1272 2100 8,
1294 2070 1309 2096 6
1328 2076 1358 2095 ut
1383 2079 1436 2095 non
1456 2071 1568 2093 molesta
1587 2076 1637 2101 pro
1658 2077 1689 2094 ne
1710 2071 1821 2094 molesta
1841 2065 1868 2100 (ἦ

212 2123 323 2145 molesta
342 2120 392 2148 Μ);
412 2120 447 2146 ib.
470 2121 500 2146 14
520 2128 602 2145 causa
622 2129 671 2153 pro
692 2129 768 2152 casu3
789 2120 823 2146 ib.
850 2122 878 2146 15
898 2122 957 2144 ideo
976 2120 1172 2151 praedicarent
1192 2128 1241 2152 pro
1261 2122 1320 2145 ideo
1339 2122 1503 2152 praedicare
1522 2121 1595 2150 (ideo
1614 2121 1805 2151 praedicarem
1821 2119 1869 2152 V);

212 2171 242 2201 9,
262 2170 277 2196 8
296 2171 364 2195 dixit
383 2173 475 2195 melius
493 2174 535 2195 est
554 2173 666 2195 otiosum
683 2179 740 2196 esse
759 2179 809 2203 pro
829 2172 897 2195 dia-it
916 2172 1029 2194 otiosum
1049 2178 1118 2201 esse3
1143 2171 1185 2201 10,
1211 2171 1227 2197 7
1252 2172 1336 2194 multu
1355 2172 1486 2195 ser-eritas
1510 2176 1560 2202 pro
1590 2172 1699 2193 mulium
1719 2171 1870 2194 severitatis

212 2221 336 2251 (mullum
355 2223 484 2245 severitus
502 2220 553 2251 M);
583 2221 628 2251 12,
650 2221 681 2247 12
701 2227 812 2245 mortem
837 2222 913 2245 doleo
933 2226 1020 2245 aulem
1040 2228 1088 2252 pro
1108 2226 1219 2245 mortem
1243 2221 1319 2244 doleo
1346 2221 1422 2244 doleo
1447 2225 1551 2249 autem,·
1578 2220 1623 2250 13,
1644 2221 1659 2246 ὃ
1691 2220 1770 2244 mer—if:
1800 2219 1867 2251 (me-

213 2272 277 2295 mini
296 2269 332 2301 M)
352 2271 494 2302 delitet-ant
515 2278 564 2302 pro
584 2272 681 2295 nemini
699 2272 771 2302 desm'
790 2276 883 2301 eruut,
914 2270 960 2300 20,
982 2271 1013 2295 1⁴2
1032 2272 1190 2302 frequenter
1213 2270 1257 2301 egi
1276 2269 1417 2300 omissum;
1446 2270 1493 2301 23,
1517 2271 1525 2295 1
1549 2271 1644 2294 ordine
1663 2277 1712 2302 pro
1734 2271 1869 2301 ordinem3

212 2319 248 2345 ib.
268 2320 284 2345 2
303 2321 398 2345 audit-e
417 2322 442 2344 si
461 2328 510 2352 pro
529 2322 626 2345 audire
643 2326 668 2345 et
685 2324 726 2349 εἰ,-
747 2321 787 2348 24.
808 2321 824 2346 4
844 2327 955 2345 noscere
973 2327 1023 2352 pro
1043 2328 1120 2344 nosse
1138 2321 1232 2351 (nosce
1250 2319 1295 2351 M).
